eventType,stream,eventTime,transactionTime,bestBidPrice,bestAskPrice
depthUpdate,btcusdt@depth5,1662123212528,1662123212518,20266.90,20267.00
depthUpdate,btcusdt@depth5,1662123212779,1662123212773,20266.90,20267.00
depthUpdate,btcusdt@depth5,1662123213029,1662123213020,20266.90,20267.00
depthUpdate,btcusdt@depth5,1662123213280,1662123213273,20266.90,20267.00
depthUpdate,btcusdt@depth5,1662123213530,1662123213523,20266.90,20267.00
depthUpdate,btcusdt@depth5,1662123213781,1662123213775,20266.90,20267.00
depthUpdate,btcusdt@depth5,1662123214032,1662123214027,20266.90,20267.00
depthUpdate,btcusdt@depth5,1662123214283,1662123214278,20266.90,20267.00
depthUpdate,btcusdt@depth5,1662123214536,1662123214529,20266.90,20267.00
depthUpdate,btcusdt@depth5,1662123214786,1662123214779,20266.90,20267.00
depthUpdate,btcusdt@depth5,1662123215036,1662123215032,20266.90,20267.00
depthUpdate,btcusdt@depth5,1662123215287,1662123215280,20266.90,20267.00
depthUpdate,btcusdt@depth5,1662123215537,1662123215531,20266.90,20267.00
depthUpdate,btcusdt@depth5,1662123215787,1662123215781,20266.90,20267.00
depthUpdate,btcusdt@depth5,1662123216038,1662123216032,20266.90,20267.00
depthUpdate,btcusdt@depth5,1662123216288,1662123216247,20266.90,20267.00
depthUpdate,btcusdt@depth5,1662123216544,1662123216538,20266.80,20266.90
depthUpdate,btcusdt@depth5,1662123216794,1662123216786,20266.80,20266.90
depthUpdate,btcusdt@depth5,1662123217044,1662123217038,20266.80,20266.90
depthUpdate,btcusdt@depth5,1662123217295,1662123217290,20266.80,20266.90
depthUpdate,btcusdt@depth5,1662123217548,1662123217543,20266.80,20266.90
depthUpdate,btcusdt@depth5,1662123217802,1662123217796,20266.80,20266.90
depthUpdate,btcusdt@depth5,1662123218053,1662123218047,20266.80,20266.90
depthUpdate,btcusdt@depth5,1662123218303,1662123218297,20266.80,20266.90
depthUpdate,btcusdt@depth5,1662123218553,1662123218548,20266.80,20266.90
depthUpdate,btcusdt@depth5,1662123218804,1662123218798,20266.80,20266.90
depthUpdate,btcusdt@depth5,1662123219055,1662123219041,20267.40,20267.50
depthUpdate,btcusdt@depth5,1662123219305,1662123219299,20267.40,20267.50
depthUpdate,btcusdt@depth5,1662123219555,1662123219551,20268.10,20268.20
depthUpdate,btcusdt@depth5,1662123219806,1662123219801,20270.60,20270.70
depthUpdate,btcusdt@depth5,1662123220057,1662123220038,20270.60,20270.70
depthUpdate,btcusdt@depth5,1662123220310,1662123220299,20270.60,20270.70
depthUpdate,btcusdt@depth5,1662123220579,1662123220545,20269.10,20269.20
depthUpdate,btcusdt@depth5,1662123220831,1662123220817,20269.10,20269.20
depthUpdate,btcusdt@depth5,1662123221101,1662123221094,20267.70,20268.10
depthUpdate,btcusdt@depth5,1662123221354,1662123221335,20266.10,20266.20
depthUpdate,btcusdt@depth5,1662123221604,1662123221598,20265.90,20266.00
depthUpdate,btcusdt@depth5,1662123221854,1662123221846,20265.90,20266.00
depthUpdate,btcusdt@depth5,1662123222104,1662123222098,20265.90,20266.00
depthUpdate,btcusdt@depth5,1662123222356,1662123222350,20265.90,20266.00
depthUpdate,btcusdt@depth5,1662123222606,1662123222600,20265.90,20266.00
depthUpdate,btcusdt@depth5,1662123222856,1662123222850,20265.90,20266.00
depthUpdate,btcusdt@depth5,1662123223106,1662123223100,20265.90,20266.00
depthUpdate,btcusdt@depth5,1662123223357,1662123223353,20265.90,20266.00
depthUpdate,btcusdt@depth5,1662123223609,1662123223603,20265.90,20266.00
depthUpdate,btcusdt@depth5,1662123223860,1662123223854,20265.90,20266.00
depthUpdate,btcusdt@depth5,1662123224111,1662123224105,20265.70,20265.80
depthUpdate,btcusdt@depth5,1662123224361,1662123224357,20265.70,20265.80
depthUpdate,btcusdt@depth5,1662123224611,1662123224596,20261.50,20261.60
depthUpdate,btcusdt@depth5,1662123224862,1662123224834,20258.90,20259.00
depthUpdate,btcusdt@depth5,1662123225112,1662123225106,20258.90,20259.00
depthUpdate,btcusdt@depth5,1662123225364,1662123225359,20258.90,20259.00
depthUpdate,btcusdt@depth5,1662123225614,1662123225606,20261.70,20261.80
depthUpdate,btcusdt@depth5,1662123225864,1662123225859,20261.70,20261.80
depthUpdate,btcusdt@depth5,1662123226114,1662123226104,20261.70,20261.80
depthUpdate,btcusdt@depth5,1662123226365,1662123226359,20261.70,20261.80
depthUpdate,btcusdt@depth5,1662123226615,1662123226609,20261.70,20261.80
depthUpdate,btcusdt@depth5,1662123226865,1662123226857,20261.70,20261.80
depthUpdate,btcusdt@depth5,1662123227115,1662123227109,20261.70,20261.80
depthUpdate,btcusdt@depth5,1662123227368,1662123227362,20261.70,20261.80
depthUpdate,btcusdt@depth5,1662123227619,1662123227613,20261.70,20261.80
depthUpdate,btcusdt@depth5,1662123227869,1662123227863,20261.70,20261.80
depthUpdate,btcusdt@depth5,1662123228119,1662123228110,20261.70,20261.80
depthUpdate,btcusdt@depth5,1662123228371,1662123228365,20261.70,20261.80
depthUpdate,btcusdt@depth5,1662123228621,1662123228616,20261.70,20261.80
depthUpdate,btcusdt@depth5,1662123228872,1662123228866,20261.70,20261.80
depthUpdate,btcusdt@depth5,1662123229122,1662123229116,20261.70,20261.80
depthUpdate,btcusdt@depth5,1662123229373,1662123229368,20261.70,20261.80
depthUpdate,btcusdt@depth5,1662123229623,1662123229619,20264.00,20264.10
depthUpdate,btcusdt@depth5,1662123229874,1662123229868,20264.00,20264.10
depthUpdate,btcusdt@depth5,1662123230124,1662123230118,20264.00,20264.10
depthUpdate,btcusdt@depth5,1662123230375,1662123230367,20264.00,20264.10
depthUpdate,btcusdt@depth5,1662123230625,1662123230621,20264.00,20264.10
depthUpdate,btcusdt@depth5,1662123230876,1662123230871,20262.90,20263.00
depthUpdate,btcusdt@depth5,1662123231126,1662123231118,20262.90,20263.00
depthUpdate,btcusdt@depth5,1662123231379,1662123231373,20262.90,20263.00
depthUpdate,btcusdt@depth5,1662123231630,1662123231624,20262.90,20263.00
depthUpdate,btcusdt@depth5,1662123231881,1662123231877,20265.60,20265.70
depthUpdate,btcusdt@depth5,1662123232132,1662123232128,20265.80,20265.90
depthUpdate,btcusdt@depth5,1662123232383,1662123232375,20265.80,20265.90
depthUpdate,btcusdt@depth5,1662123232633,1662123232625,20262.20,20262.30
depthUpdate,btcusdt@depth5,1662123232883,1662123232877,20262.20,20262.30
depthUpdate,btcusdt@depth5,1662123233134,1662123233126,20262.20,20262.30
depthUpdate,btcusdt@depth5,1662123233385,1662123233380,20262.20,20262.30
depthUpdate,btcusdt@depth5,1662123233636,1662123233630,20262.20,20262.30
depthUpdate,btcusdt@depth5,1662123233886,1662123233881,20261.70,20261.80
depthUpdate,btcusdt@depth5,1662123234137,1662123234130,20259.10,20259.20
depthUpdate,btcusdt@depth5,1662123234388,1662123234382,20259.10,20259.20
depthUpdate,btcusdt@depth5,1662123234638,1662123234632,20260.00,20260.10
depthUpdate,btcusdt@depth5,1662123234888,1662123234882,20261.10,20261.20
depthUpdate,btcusdt@depth5,1662123235141,1662123235135,20261.10,20261.20
depthUpdate,btcusdt@depth5,1662123235391,1662123235384,20262.20,20262.30
depthUpdate,btcusdt@depth5,1662123235641,1662123235629,20265.70,20265.80
depthUpdate,btcusdt@depth5,1662123235893,1662123235887,20265.80,20265.90
depthUpdate,btcusdt@depth5,1662123236143,1662123236137,20265.80,20265.90
depthUpdate,btcusdt@depth5,1662123236394,1662123236386,20265.80,20265.90
depthUpdate,btcusdt@depth5,1662123236644,1662123236634,20268.80,20268.90
depthUpdate,btcusdt@depth5,1662123236894,1662123236888,20268.80,20268.90
depthUpdate,btcusdt@depth5,1662123237145,1662123237136,20268.80,20268.90
depthUpdate,btcusdt@depth5,1662123237395,1662123237388,20268.80,20268.90
depthUpdate,btcusdt@depth5,1662123237645,1662123237642,20268.80,20268.90
depthUpdate,btcusdt@depth5,1662123237896,1662123237890,20268.80,20268.90
depthUpdate,btcusdt@depth5,1662123238146,1662123238140,20266.30,20266.40
depthUpdate,btcusdt@depth5,1662123238396,1662123238390,20266.30,20266.40
depthUpdate,btcusdt@depth5,1662123238646,1662123238640,20267.90,20268.00
depthUpdate,btcusdt@depth5,1662123238897,1662123238891,20267.90,20268.00
depthUpdate,btcusdt@depth5,1662123239147,1662123239142,20267.90,20268.00
depthUpdate,btcusdt@depth5,1662123239397,1662123239390,20267.90,20268.00
depthUpdate,btcusdt@depth5,1662123239647,1662123239639,20267.90,20268.00
depthUpdate,btcusdt@depth5,1662123239898,1662123239892,20267.90,20268.00
depthUpdate,btcusdt@depth5,1662123240148,1662123240141,20267.90,20268.00
depthUpdate,btcusdt@depth5,1662123240398,1662123240390,20267.90,20268.00
depthUpdate,btcusdt@depth5,1662123240648,1662123240643,20267.90,20268.00
depthUpdate,btcusdt@depth5,1662123240899,1662123240891,20267.90,20268.00
depthUpdate,btcusdt@depth5,1662123241149,1662123241144,20267.90,20268.00
depthUpdate,btcusdt@depth5,1662123241399,1662123241395,20267.90,20268.00
depthUpdate,btcusdt@depth5,1662123241649,1662123241644,20267.90,20268.00
depthUpdate,btcusdt@depth5,1662123241899,1662123241894,20269.10,20269.20
depthUpdate,btcusdt@depth5,1662123242149,1662123242143,20271.30,20271.40
depthUpdate,btcusdt@depth5,1662123242399,1662123242394,20271.30,20271.40
depthUpdate,btcusdt@depth5,1662123242651,1662123242645,20273.20,20273.30
depthUpdate,btcusdt@depth5,1662123242901,1662123242896,20273.30,20273.40
depthUpdate,btcusdt@depth5,1662123243152,1662123243131,20277.60,20277.80
depthUpdate,btcusdt@depth5,1662123243410,1662123243321,20278.10,20278.20
depthUpdate,btcusdt@depth5,1662123243662,1662123243656,20279.90,20280.00
depthUpdate,btcusdt@depth5,1662123243913,1662123243907,20279.90,20280.00
depthUpdate,btcusdt@depth5,1662123244163,1662123244155,20279.90,20280.00
depthUpdate,btcusdt@depth5,1662123244413,1662123244408,20279.90,20280.00
depthUpdate,btcusdt@depth5,1662123244664,1662123244659,20279.90,20280.00
depthUpdate,btcusdt@depth5,1662123244915,1662123244909,20279.90,20280.00
depthUpdate,btcusdt@depth5,1662123245165,1662123245160,20279.90,20280.00
depthUpdate,btcusdt@depth5,1662123245416,1662123245411,20279.90,20280.00
depthUpdate,btcusdt@depth5,1662123245667,1662123245662,20279.90,20280.00
depthUpdate,btcusdt@depth5,1662123245918,1662123245913,20279.30,20279.40
depthUpdate,btcusdt@depth5,1662123246169,1662123246162,20279.30,20279.40
depthUpdate,btcusdt@depth5,1662123246420,1662123246403,20275.10,20275.20
depthUpdate,btcusdt@depth5,1662123246670,1662123246664,20274.00,20274.10
depthUpdate,btcusdt@depth5,1662123246920,1662123246914,20273.50,20273.60
depthUpdate,btcusdt@depth5,1662123247170,1662123247165,20273.20,20273.30
depthUpdate,btcusdt@depth5,1662123247420,1662123247414,20273.10,20273.20
depthUpdate,btcusdt@depth5,1662123247671,1662123247666,20273.10,20273.20
depthUpdate,btcusdt@depth5,1662123247923,1662123247917,20273.10,20273.20
depthUpdate,btcusdt@depth5,1662123248175,1662123248170,20273.10,20273.20
depthUpdate,btcusdt@depth5,1662123248426,1662123248421,20273.10,20273.20
depthUpdate,btcusdt@depth5,1662123248677,1662123248670,20273.10,20273.20
depthUpdate,btcusdt@depth5,1662123248928,1662123248922,20273.10,20273.20
depthUpdate,btcusdt@depth5,1662123249178,1662123249171,20273.10,20273.20
depthUpdate,btcusdt@depth5,1662123249428,1662123249423,20273.90,20274.00
depthUpdate,btcusdt@depth5,1662123249678,1662123249673,20271.80,20271.90
depthUpdate,btcusdt@depth5,1662123249929,1662123249923,20271.70,20271.80
depthUpdate,btcusdt@depth5,1662123250179,1662123250175,20271.40,20271.50
depthUpdate,btcusdt@depth5,1662123250430,1662123250424,20272.90,20273.00
depthUpdate,btcusdt@depth5,1662123250680,1662123250673,20272.90,20273.00
depthUpdate,btcusdt@depth5,1662123250930,1662123250925,20272.90,20273.00
depthUpdate,btcusdt@depth5,1662123251182,1662123251178,20273.10,20273.20
depthUpdate,btcusdt@depth5,1662123251432,1662123251427,20274.90,20275.00
depthUpdate,btcusdt@depth5,1662123251683,1662123251679,20274.90,20275.00
depthUpdate,btcusdt@depth5,1662123251934,1662123251928,20274.90,20275.00
depthUpdate,btcusdt@depth5,1662123252184,1662123252178,20274.90,20275.00
depthUpdate,btcusdt@depth5,1662123252435,1662123252430,20274.90,20275.00
depthUpdate,btcusdt@depth5,1662123252686,1662123252680,20274.90,20275.00
depthUpdate,btcusdt@depth5,1662123252936,1662123252930,20274.90,20275.00
depthUpdate,btcusdt@depth5,1662123253186,1662123253179,20274.90,20275.00
depthUpdate,btcusdt@depth5,1662123253441,1662123253434,20274.90,20275.00
depthUpdate,btcusdt@depth5,1662123253691,1662123253685,20273.70,20273.80
depthUpdate,btcusdt@depth5,1662123253941,1662123253936,20273.70,20273.80
depthUpdate,btcusdt@depth5,1662123254191,1662123254186,20273.70,20273.80
depthUpdate,btcusdt@depth5,1662123254444,1662123254438,20273.70,20273.80
depthUpdate,btcusdt@depth5,1662123254694,1662123254688,20273.70,20273.80
depthUpdate,btcusdt@depth5,1662123254944,1662123254928,20276.20,20276.30
depthUpdate,btcusdt@depth5,1662123255194,1662123255189,20276.20,20276.30
depthUpdate,btcusdt@depth5,1662123255444,1662123255439,20277.60,20277.70
depthUpdate,btcusdt@depth5,1662123255694,1662123255689,20277.80,20277.90
depthUpdate,btcusdt@depth5,1662123255947,1662123255928,20279.80,20280.00
depthUpdate,btcusdt@depth5,1662123256200,1662123256191,20279.90,20280.00
depthUpdate,btcusdt@depth5,1662123256450,1662123256445,20279.90,20280.00
depthUpdate,btcusdt@depth5,1662123256700,1662123256694,20279.90,20280.00
depthUpdate,btcusdt@depth5,1662123256951,1662123256947,20279.90,20280.00
depthUpdate,btcusdt@depth5,1662123257204,1662123257198,20279.90,20280.00
depthUpdate,btcusdt@depth5,1662123257455,1662123257449,20279.90,20280.00
depthUpdate,btcusdt@depth5,1662123257706,1662123257699,20279.90,20280.00
depthUpdate,btcusdt@depth5,1662123257956,1662123257951,20281.70,20281.80
depthUpdate,btcusdt@depth5,1662123258208,1662123258203,20281.70,20281.80
depthUpdate,btcusdt@depth5,1662123258459,1662123258453,20281.70,20281.80
depthUpdate,btcusdt@depth5,1662123258709,1662123258703,20280.50,20280.60
depthUpdate,btcusdt@depth5,1662123258959,1662123258955,20280.50,20280.60
depthUpdate,btcusdt@depth5,1662123259210,1662123259204,20280.50,20280.60
depthUpdate,btcusdt@depth5,1662123259460,1662123259455,20279.90,20280.00
depthUpdate,btcusdt@depth5,1662123259711,1662123259706,20279.90,20280.00
depthUpdate,btcusdt@depth5,1662123259962,1662123259956,20279.90,20280.00
depthUpdate,btcusdt@depth5,1662123260212,1662123260207,20279.90,20280.00
depthUpdate,btcusdt@depth5,1662123260465,1662123260458,20277.60,20277.70
depthUpdate,btcusdt@depth5,1662123260715,1662123260709,20277.60,20277.70
depthUpdate,btcusdt@depth5,1662123260966,1662123260960,20274.40,20274.50
depthUpdate,btcusdt@depth5,1662123261216,1662123261210,20274.40,20274.50
depthUpdate,btcusdt@depth5,1662123261467,1662123261462,20274.40,20274.50
depthUpdate,btcusdt@depth5,1662123261717,1662123261704,20273.00,20273.10
depthUpdate,btcusdt@depth5,1662123261967,1662123261963,20272.40,20272.50
depthUpdate,btcusdt@depth5,1662123262218,1662123262213,20271.50,20271.60
depthUpdate,btcusdt@depth5,1662123262468,1662123262462,20270.20,20270.30
depthUpdate,btcusdt@depth5,1662123262719,1662123262714,20270.20,20270.30
depthUpdate,btcusdt@depth5,1662123262970,1662123262965,20270.20,20270.30
depthUpdate,btcusdt@depth5,1662123263220,1662123263213,20269.10,20269.20
depthUpdate,btcusdt@depth5,1662123263471,1662123263463,20269.10,20269.20
depthUpdate,btcusdt@depth5,1662123263721,1662123263715,20269.10,20269.20
depthUpdate,btcusdt@depth5,1662123263972,1662123263967,20269.10,20269.20
depthUpdate,btcusdt@depth5,1662123264223,1662123264217,20269.10,20269.20
depthUpdate,btcusdt@depth5,1662123264474,1662123264466,20266.70,20266.80
depthUpdate,btcusdt@depth5,1662123264725,1662123264716,20268.50,20268.70
depthUpdate,btcusdt@depth5,1662123264976,1662123264970,20269.10,20269.20
depthUpdate,btcusdt@depth5,1662123265227,1662123265222,20269.10,20269.20
depthUpdate,btcusdt@depth5,1662123265477,1662123265471,20268.40,20269.00
depthUpdate,btcusdt@depth5,1662123265727,1662123265723,20266.90,20267.00
depthUpdate,btcusdt@depth5,1662123265978,1662123265974,20266.90,20267.00
depthUpdate,btcusdt@depth5,1662123266229,1662123266224,20266.90,20267.00
depthUpdate,btcusdt@depth5,1662123266480,1662123266476,20266.90,20267.00
depthUpdate,btcusdt@depth5,1662123266730,1662123266724,20266.90,20267.00
depthUpdate,btcusdt@depth5,1662123266980,1662123266977,20266.90,20267.00
depthUpdate,btcusdt@depth5,1662123267231,1662123267226,20266.80,20266.90
depthUpdate,btcusdt@depth5,1662123267481,1662123267472,20266.80,20266.90
depthUpdate,btcusdt@depth5,1662123267731,1662123267726,20266.80,20266.90
depthUpdate,btcusdt@depth5,1662123267982,1662123267975,20266.80,20266.90
depthUpdate,btcusdt@depth5,1662123268233,1662123268228,20266.80,20266.90
depthUpdate,btcusdt@depth5,1662123268483,1662123268477,20268.60,20268.70
depthUpdate,btcusdt@depth5,1662123268733,1662123268727,20268.60,20268.70
depthUpdate,btcusdt@depth5,1662123268984,1662123268977,20268.60,20268.70
depthUpdate,btcusdt@depth5,1662123269235,1662123269230,20268.60,20268.70
depthUpdate,btcusdt@depth5,1662123269486,1662123269481,20268.60,20268.70
depthUpdate,btcusdt@depth5,1662123269737,1662123269733,20268.60,20268.70
depthUpdate,btcusdt@depth5,1662123269988,1662123269982,20267.20,20267.30
depthUpdate,btcusdt@depth5,1662123270238,1662123270232,20267.20,20267.30
depthUpdate,btcusdt@depth5,1662123270488,1662123270484,20267.20,20267.30
depthUpdate,btcusdt@depth5,1662123270739,1662123270734,20268.00,20268.10
depthUpdate,btcusdt@depth5,1662123270990,1662123270985,20269.90,20270.00
depthUpdate,btcusdt@depth5,1662123271240,1662123271235,20269.70,20269.80
depthUpdate,btcusdt@depth5,1662123271491,1662123271484,20268.00,20268.10
depthUpdate,btcusdt@depth5,1662123271741,1662123271732,20267.10,20267.20
depthUpdate,btcusdt@depth5,1662123271991,1662123271982,20265.00,20265.10
depthUpdate,btcusdt@depth5,1662123272241,1662123272235,20264.00,20264.10
depthUpdate,btcusdt@depth5,1662123272492,1662123272486,20262.50,20262.60
depthUpdate,btcusdt@depth5,1662123272742,1662123272736,20262.50,20262.60
depthUpdate,btcusdt@depth5,1662123272992,1662123272988,20260.90,20261.00
depthUpdate,btcusdt@depth5,1662123273243,1662123273236,20258.80,20258.90
depthUpdate,btcusdt@depth5,1662123273493,1662123273484,20257.90,20258.00
depthUpdate,btcusdt@depth5,1662123273744,1662123273739,20257.90,20258.00
depthUpdate,btcusdt@depth5,1662123273994,1662123273989,20257.90,20258.00
depthUpdate,btcusdt@depth5,1662123274245,1662123274239,20257.90,20258.00
depthUpdate,btcusdt@depth5,1662123274495,1662123274490,20257.90,20258.00
depthUpdate,btcusdt@depth5,1662123274746,1662123274741,20257.20,20257.30
depthUpdate,btcusdt@depth5,1662123274996,1662123274989,20257.20,20257.30
depthUpdate,btcusdt@depth5,1662123275247,1662123275242,20257.20,20257.30
depthUpdate,btcusdt@depth5,1662123275497,1662123275492,20257.10,20257.20
depthUpdate,btcusdt@depth5,1662123275747,1662123275742,20257.10,20257.20
depthUpdate,btcusdt@depth5,1662123275998,1662123275992,20257.10,20257.20
depthUpdate,btcusdt@depth5,1662123276248,1662123276243,20255.00,20255.10
depthUpdate,btcusdt@depth5,1662123276498,1662123276494,20255.00,20255.10
depthUpdate,btcusdt@depth5,1662123276749,1662123276745,20254.80,20254.90
depthUpdate,btcusdt@depth5,1662123277002,1662123276996,20253.00,20253.10
depthUpdate,btcusdt@depth5,1662123277252,1662123277248,20253.00,20253.10
depthUpdate,btcusdt@depth5,1662123277503,1662123277499,20253.00,20253.10
depthUpdate,btcusdt@depth5,1662123277754,1662123277695,20260.40,20260.80
depthUpdate,btcusdt@depth5,1662123278004,1662123277927,20264.40,20264.90
depthUpdate,btcusdt@depth5,1662123278254,1662123278226,20268.70,20268.80
depthUpdate,btcusdt@depth5,1662123278505,1662123278494,20269.30,20270.70
depthUpdate,btcusdt@depth5,1662123278756,1662123278750,20271.40,20271.50
depthUpdate,btcusdt@depth5,1662123279006,1662123279000,20271.40,20271.50
depthUpdate,btcusdt@depth5,1662123279256,1662123279232,20270.40,20270.60
depthUpdate,btcusdt@depth5,1662123279507,1662123279502,20268.90,20269.00
depthUpdate,btcusdt@depth5,1662123279759,1662123279750,20267.90,20268.00
depthUpdate,btcusdt@depth5,1662123280010,1662123280003,20265.20,20265.30
depthUpdate,btcusdt@depth5,1662123280260,1662123280240,20264.90,20265.20
depthUpdate,btcusdt@depth5,1662123280516,1662123280509,20264.70,20264.80
depthUpdate,btcusdt@depth5,1662123280766,1662123280760,20263.50,20264.10
depthUpdate,btcusdt@depth5,1662123281017,1662123281004,20263.20,20263.30
depthUpdate,btcusdt@depth5,1662123281267,1662123281262,20261.90,20262.00
depthUpdate,btcusdt@depth5,1662123281517,1662123281511,20261.90,20262.00
depthUpdate,btcusdt@depth5,1662123281767,1662123281761,20261.90,20262.00
depthUpdate,btcusdt@depth5,1662123282018,1662123282013,20261.90,20262.00
depthUpdate,btcusdt@depth5,1662123282268,1662123282263,20261.90,20262.00
depthUpdate,btcusdt@depth5,1662123282519,1662123282511,20261.90,20262.00
depthUpdate,btcusdt@depth5,1662123282769,1662123282764,20260.50,20260.60
depthUpdate,btcusdt@depth5,1662123283022,1662123282993,20258.90,20259.00
depthUpdate,btcusdt@depth5,1662123283272,1662123283262,20258.80,20258.90
depthUpdate,btcusdt@depth5,1662123283522,1662123283515,20256.90,20257.00
depthUpdate,btcusdt@depth5,1662123283772,1662123283766,20256.90,20257.00
depthUpdate,btcusdt@depth5,1662123284022,1662123284017,20256.90,20257.00
depthUpdate,btcusdt@depth5,1662123284274,1662123284268,20256.90,20257.00
depthUpdate,btcusdt@depth5,1662123284525,1662123284519,20256.90,20257.00
depthUpdate,btcusdt@depth5,1662123284777,1662123284771,20258.70,20258.80
depthUpdate,btcusdt@depth5,1662123285027,1662123285019,20258.70,20258.80
depthUpdate,btcusdt@depth5,1662123285277,1662123285271,20259.90,20260.00
depthUpdate,btcusdt@depth5,1662123285527,1662123285523,20261.80,20261.90
depthUpdate,btcusdt@depth5,1662123285777,1662123285772,20261.80,20261.90
depthUpdate,btcusdt@depth5,1662123286030,1662123286024,20261.80,20261.90
depthUpdate,btcusdt@depth5,1662123286281,1662123286276,20261.80,20261.90
depthUpdate,btcusdt@depth5,1662123286531,1662123286525,20263.60,20263.70
depthUpdate,btcusdt@depth5,1662123286781,1662123286775,20263.60,20263.70
depthUpdate,btcusdt@depth5,1662123287031,1662123287024,20263.60,20263.70
depthUpdate,btcusdt@depth5,1662123287281,1662123287276,20263.60,20263.70
depthUpdate,btcusdt@depth5,1662123287531,1662123287524,20263.00,20263.10
depthUpdate,btcusdt@depth5,1662123287781,1662123287775,20263.00,20263.10
depthUpdate,btcusdt@depth5,1662123288032,1662123288029,20263.00,20263.10
depthUpdate,btcusdt@depth5,1662123288283,1662123288278,20263.00,20263.10
depthUpdate,btcusdt@depth5,1662123288534,1662123288528,20263.00,20263.10
depthUpdate,btcusdt@depth5,1662123288784,1662123288780,20263.00,20263.10
depthUpdate,btcusdt@depth5,1662123289036,1662123289032,20263.60,20263.70
depthUpdate,btcusdt@depth5,1662123289287,1662123289281,20263.60,20263.70
depthUpdate,btcusdt@depth5,1662123289539,1662123289533,20263.60,20263.70
depthUpdate,btcusdt@depth5,1662123289790,1662123289784,20263.60,20263.70
depthUpdate,btcusdt@depth5,1662123290040,1662123290035,20263.60,20263.70
depthUpdate,btcusdt@depth5,1662123290291,1662123290286,20264.90,20265.00
depthUpdate,btcusdt@depth5,1662123290543,1662123290538,20264.40,20264.50
depthUpdate,btcusdt@depth5,1662123290794,1662123290790,20263.60,20263.70
depthUpdate,btcusdt@depth5,1662123291044,1662123291037,20263.60,20263.70
depthUpdate,btcusdt@depth5,1662123291295,1662123291287,20263.00,20263.10
depthUpdate,btcusdt@depth5,1662123291545,1662123291540,20263.00,20263.10
depthUpdate,btcusdt@depth5,1662123291796,1662123291788,20263.00,20263.10
depthUpdate,btcusdt@depth5,1662123292046,1662123292040,20263.00,20263.10
depthUpdate,btcusdt@depth5,1662123292297,1662123292291,20263.00,20263.10
depthUpdate,btcusdt@depth5,1662123292549,1662123292543,20263.00,20263.10
depthUpdate,btcusdt@depth5,1662123292799,1662123292791,20263.00,20263.10
depthUpdate,btcusdt@depth5,1662123293049,1662123293043,20263.20,20263.30
depthUpdate,btcusdt@depth5,1662123293300,1662123293296,20263.20,20263.30
depthUpdate,btcusdt@depth5,1662123293551,1662123293544,20263.20,20263.30
depthUpdate,btcusdt@depth5,1662123293801,1662123293794,20263.20,20263.30
depthUpdate,btcusdt@depth5,1662123294051,1662123294044,20263.20,20263.30
depthUpdate,btcusdt@depth5,1662123294302,1662123294297,20263.20,20263.30
depthUpdate,btcusdt@depth5,1662123294553,1662123294547,20263.20,20263.30
depthUpdate,btcusdt@depth5,1662123294804,1662123294800,20263.20,20263.30
depthUpdate,btcusdt@depth5,1662123295057,1662123295047,20262.60,20262.70
depthUpdate,btcusdt@depth5,1662123295311,1662123295288,20260.00,20260.10
depthUpdate,btcusdt@depth5,1662123295562,1662123295557,20258.90,20259.00
depthUpdate,btcusdt@depth5,1662123295813,1662123295807,20258.30,20258.40
depthUpdate,btcusdt@depth5,1662123296063,1662123296058,20258.30,20258.40
depthUpdate,btcusdt@depth5,1662123296313,1662123296308,20258.30,20258.40
depthUpdate,btcusdt@depth5,1662123296564,1662123296559,20258.30,20258.40
depthUpdate,btcusdt@depth5,1662123296814,1662123296807,20258.30,20258.40
depthUpdate,btcusdt@depth5,1662123297064,1662123297060,20258.30,20258.40
depthUpdate,btcusdt@depth5,1662123297314,1662123297308,20258.30,20258.40
depthUpdate,btcusdt@depth5,1662123297564,1662123297558,20258.30,20258.40
depthUpdate,btcusdt@depth5,1662123297815,1662123297812,20258.30,20258.40
depthUpdate,btcusdt@depth5,1662123298066,1662123298061,20258.00,20258.10
depthUpdate,btcusdt@depth5,1662123298317,1662123298313,20258.00,20258.10
depthUpdate,btcusdt@depth5,1662123298567,1662123298558,20258.30,20258.40
depthUpdate,btcusdt@depth5,1662123298817,1662123298801,20259.90,20260.00
depthUpdate,btcusdt@depth5,1662123299067,1662123299062,20259.90,20260.00
depthUpdate,btcusdt@depth5,1662123299317,1662123299313,20258.00,20258.10
depthUpdate,btcusdt@depth5,1662123299568,1662123299562,20259.20,20259.30
depthUpdate,btcusdt@depth5,1662123299819,1662123299813,20259.20,20259.30
depthUpdate,btcusdt@depth5,1662123300070,1662123300066,20259.20,20259.30
depthUpdate,btcusdt@depth5,1662123300321,1662123300316,20259.30,20259.40
depthUpdate,btcusdt@depth5,1662123300571,1662123300566,20259.30,20259.40
depthUpdate,btcusdt@depth5,1662123300823,1662123300820,20257.00,20257.10
depthUpdate,btcusdt@depth5,1662123301073,1662123301069,20257.00,20257.10
depthUpdate,btcusdt@depth5,1662123301324,1662123301319,20257.00,20257.10
depthUpdate,btcusdt@depth5,1662123301575,1662123301568,20257.00,20257.10
depthUpdate,btcusdt@depth5,1662123301826,1662123301822,20257.00,20257.10
depthUpdate,btcusdt@depth5,1662123302076,1662123302071,20255.40,20255.50
depthUpdate,btcusdt@depth5,1662123302326,1662123302320,20255.00,20255.10
depthUpdate,btcusdt@depth5,1662123302576,1662123302568,20252.40,20252.50
depthUpdate,btcusdt@depth5,1662123302826,1662123302821,20252.40,20252.50
depthUpdate,btcusdt@depth5,1662123303076,1662123303070,20252.40,20252.50
depthUpdate,btcusdt@depth5,1662123303326,1662123303318,20252.10,20252.20
depthUpdate,btcusdt@depth5,1662123303576,1662123303572,20252.40,20252.50
depthUpdate,btcusdt@depth5,1662123303826,1662123303820,20255.00,20255.10
depthUpdate,btcusdt@depth5,1662123304076,1662123304071,20255.00,20255.10
depthUpdate,btcusdt@depth5,1662123304326,1662123304319,20253.00,20253.10
depthUpdate,btcusdt@depth5,1662123304577,1662123304571,20253.00,20253.10
depthUpdate,btcusdt@depth5,1662123304827,1662123304820,20254.50,20254.60
depthUpdate,btcusdt@depth5,1662123305077,1662123305070,20254.50,20254.60
depthUpdate,btcusdt@depth5,1662123305328,1662123305323,20255.40,20255.50
depthUpdate,btcusdt@depth5,1662123305580,1662123305575,20253.80,20254.40
depthUpdate,btcusdt@depth5,1662123305831,1662123305822,20256.40,20256.50
depthUpdate,btcusdt@depth5,1662123306082,1662123306078,20256.60,20256.70
depthUpdate,btcusdt@depth5,1662123306333,1662123306325,20258.50,20258.60
depthUpdate,btcusdt@depth5,1662123306584,1662123306578,20262.00,20262.20
depthUpdate,btcusdt@depth5,1662123306834,1662123306826,20262.00,20262.10
depthUpdate,btcusdt@depth5,1662123307084,1662123307072,20263.20,20263.30
depthUpdate,btcusdt@depth5,1662123307334,1662123307329,20263.20,20263.30
depthUpdate,btcusdt@depth5,1662123307584,1662123307575,20264.90,20265.00
depthUpdate,btcusdt@depth5,1662123307836,1662123307831,20264.90,20265.00
depthUpdate,btcusdt@depth5,1662123308087,1662123308081,20264.90,20265.00
depthUpdate,btcusdt@depth5,1662123308338,1662123308333,20262.70,20262.80
depthUpdate,btcusdt@depth5,1662123308588,1662123308583,20262.70,20262.80
depthUpdate,btcusdt@depth5,1662123308838,1662123308832,20263.80,20263.90
depthUpdate,btcusdt@depth5,1662123309097,1662123309083,20264.90,20265.00
depthUpdate,btcusdt@depth5,1662123309348,1662123309342,20265.10,20265.20
depthUpdate,btcusdt@depth5,1662123309599,1662123309593,20265.10,20265.20
depthUpdate,btcusdt@depth5,1662123309849,1662123309844,20265.10,20265.20
depthUpdate,btcusdt@depth5,1662123310099,1662123310092,20265.10,20265.20
depthUpdate,btcusdt@depth5,1662123310350,1662123310343,20265.10,20265.20
depthUpdate,btcusdt@depth5,1662123310601,1662123310595,20265.10,20265.20
depthUpdate,btcusdt@depth5,1662123310853,1662123310847,20265.10,20265.20
depthUpdate,btcusdt@depth5,1662123311105,1662123311098,20265.10,20265.20
depthUpdate,btcusdt@depth5,1662123311355,1662123311351,20265.10,20265.20
depthUpdate,btcusdt@depth5,1662123311606,1662123311600,20265.10,20265.20
depthUpdate,btcusdt@depth5,1662123311856,1662123311849,20266.80,20266.90
depthUpdate,btcusdt@depth5,1662123312106,1662123312100,20267.90,20268.00
depthUpdate,btcusdt@depth5,1662123312356,1662123312353,20266.80,20266.90
depthUpdate,btcusdt@depth5,1662123312606,1662123312601,20266.80,20266.90
depthUpdate,btcusdt@depth5,1662123312857,1662123312853,20266.80,20266.90
depthUpdate,btcusdt@depth5,1662123313110,1662123313103,20266.80,20266.90
depthUpdate,btcusdt@depth5,1662123313361,1662123313356,20266.80,20266.90
depthUpdate,btcusdt@depth5,1662123313614,1662123313608,20266.80,20266.90
depthUpdate,btcusdt@depth5,1662123313865,1662123313860,20267.60,20267.70
depthUpdate,btcusdt@depth5,1662123314115,1662123314109,20267.60,20267.70
depthUpdate,btcusdt@depth5,1662123314365,1662123314359,20267.60,20267.70
depthUpdate,btcusdt@depth5,1662123314616,1662123314611,20267.60,20267.70
depthUpdate,btcusdt@depth5,1662123314867,1662123314863,20267.60,20267.70
depthUpdate,btcusdt@depth5,1662123315118,1662123315112,20267.60,20267.70
depthUpdate,btcusdt@depth5,1662123315368,1662123315361,20267.60,20267.70
depthUpdate,btcusdt@depth5,1662123315618,1662123315612,20267.60,20267.70
depthUpdate,btcusdt@depth5,1662123315869,1662123315845,20268.50,20268.60
depthUpdate,btcusdt@depth5,1662123316119,1662123316114,20268.90,20269.00
depthUpdate,btcusdt@depth5,1662123316370,1662123316364,20269.00,20269.10
depthUpdate,btcusdt@depth5,1662123316620,1662123316614,20269.00,20269.10
depthUpdate,btcusdt@depth5,1662123316870,1662123316865,20269.00,20269.10
depthUpdate,btcusdt@depth5,1662123317121,1662123317116,20269.00,20269.10
depthUpdate,btcusdt@depth5,1662123317371,1662123317365,20269.90,20270.00
depthUpdate,btcusdt@depth5,1662123317622,1662123317618,20269.90,20270.00
depthUpdate,btcusdt@depth5,1662123317872,1662123317866,20269.90,20270.00
depthUpdate,btcusdt@depth5,1662123318122,1662123318117,20269.90,20270.00
depthUpdate,btcusdt@depth5,1662123318373,1662123318365,20269.90,20270.00
depthUpdate,btcusdt@depth5,1662123318623,1662123318618,20269.90,20270.00
depthUpdate,btcusdt@depth5,1662123318873,1662123318868,20270.10,20270.20
depthUpdate,btcusdt@depth5,1662123319123,1662123319117,20270.40,20270.50
depthUpdate,btcusdt@depth5,1662123319374,1662123319369,20271.40,20271.50
depthUpdate,btcusdt@depth5,1662123319624,1662123319618,20271.50,20271.60
depthUpdate,btcusdt@depth5,1662123319874,1662123319868,20271.50,20271.60
depthUpdate,btcusdt@depth5,1662123320124,1662123320119,20271.50,20271.60
depthUpdate,btcusdt@depth5,1662123320374,1662123320368,20271.50,20271.60
depthUpdate,btcusdt@depth5,1662123320625,1662123320620,20271.50,20271.60
depthUpdate,btcusdt@depth5,1662123320875,1662123320871,20271.50,20271.60
depthUpdate,btcusdt@depth5,1662123321126,1662123321119,20271.50,20271.60
depthUpdate,btcusdt@depth5,1662123321376,1662123321370,20271.70,20271.80
depthUpdate,btcusdt@depth5,1662123321626,1662123321622,20271.70,20271.80
depthUpdate,btcusdt@depth5,1662123321876,1662123321873,20272.40,20272.50
depthUpdate,btcusdt@depth5,1662123322127,1662123322122,20272.40,20272.50
depthUpdate,btcusdt@depth5,1662123322378,1662123322373,20272.40,20272.50
depthUpdate,btcusdt@depth5,1662123322628,1662123322622,20272.40,20272.50
depthUpdate,btcusdt@depth5,1662123322879,1662123322870,20272.40,20272.50
depthUpdate,btcusdt@depth5,1662123323130,1662123323126,20273.80,20273.90
depthUpdate,btcusdt@depth5,1662123323381,1662123323376,20272.50,20272.60
depthUpdate,btcusdt@depth5,1662123323631,1662123323625,20272.50,20272.60
depthUpdate,btcusdt@depth5,1662123323882,1662123323876,20272.50,20272.60
depthUpdate,btcusdt@depth5,1662123324132,1662123324127,20272.50,20272.60
depthUpdate,btcusdt@depth5,1662123324384,1662123324380,20272.60,20272.70
depthUpdate,btcusdt@depth5,1662123324635,1662123324629,20273.80,20273.90
depthUpdate,btcusdt@depth5,1662123324885,1662123324878,20273.80,20273.90
depthUpdate,btcusdt@depth5,1662123325135,1662123325129,20273.80,20273.90
depthUpdate,btcusdt@depth5,1662123325386,1662123325382,20273.80,20273.90
depthUpdate,btcusdt@depth5,1662123325636,1662123325633,20274.90,20275.00
depthUpdate,btcusdt@depth5,1662123325887,1662123325881,20274.90,20275.00
depthUpdate,btcusdt@depth5,1662123326137,1662123326132,20274.90,20275.00
depthUpdate,btcusdt@depth5,1662123326387,1662123326383,20275.90,20276.00
depthUpdate,btcusdt@depth5,1662123326637,1662123326632,20276.20,20276.30
depthUpdate,btcusdt@depth5,1662123326887,1662123326882,20276.20,20276.30
depthUpdate,btcusdt@depth5,1662123327137,1662123327131,20276.20,20276.30
depthUpdate,btcusdt@depth5,1662123327388,1662123327382,20276.20,20276.30
depthUpdate,btcusdt@depth5,1662123327638,1662123327633,20278.10,20278.20
depthUpdate,btcusdt@depth5,1662123327888,1662123327881,20278.10,20278.20
depthUpdate,btcusdt@depth5,1662123328138,1662123328130,20278.10,20278.20
depthUpdate,btcusdt@depth5,1662123328391,1662123328384,20278.10,20278.20
depthUpdate,btcusdt@depth5,1662123328641,1662123328635,20278.10,20278.20
depthUpdate,btcusdt@depth5,1662123328891,1662123328886,20278.10,20278.20
depthUpdate,btcusdt@depth5,1662123329144,1662123329139,20278.90,20279.00
depthUpdate,btcusdt@depth5,1662123329394,1662123329390,20279.50,20279.60
depthUpdate,btcusdt@depth5,1662123329644,1662123329635,20279.80,20280.00
depthUpdate,btcusdt@depth5,1662123329895,1662123329865,20284.80,20284.90
depthUpdate,btcusdt@depth5,1662123330145,1662123330135,20283.90,20284.00
depthUpdate,btcusdt@depth5,1662123330396,1662123330388,20283.30,20283.50
depthUpdate,btcusdt@depth5,1662123330647,1662123330641,20282.30,20282.40
depthUpdate,btcusdt@depth5,1662123330897,1662123330892,20282.30,20282.40
depthUpdate,btcusdt@depth5,1662123331148,1662123331144,20282.30,20282.40
depthUpdate,btcusdt@depth5,1662123331399,1662123331393,20282.30,20282.40
depthUpdate,btcusdt@depth5,1662123331649,1662123331643,20284.30,20284.40
depthUpdate,btcusdt@depth5,1662123331899,1662123331894,20284.30,20284.40
depthUpdate,btcusdt@depth5,1662123332149,1662123332144,20284.30,20284.40
depthUpdate,btcusdt@depth5,1662123332400,1662123332395,20284.30,20284.40
depthUpdate,btcusdt@depth5,1662123332651,1662123332646,20285.00,20285.10
depthUpdate,btcusdt@depth5,1662123332902,1662123332895,20285.00,20285.10
depthUpdate,btcusdt@depth5,1662123333152,1662123333145,20282.30,20282.40
depthUpdate,btcusdt@depth5,1662123333403,1662123333395,20284.10,20284.20
depthUpdate,btcusdt@depth5,1662123333653,1662123333648,20284.10,20284.20
depthUpdate,btcusdt@depth5,1662123333903,1662123333898,20284.10,20284.20
depthUpdate,btcusdt@depth5,1662123334156,1662123334151,20284.10,20284.20
depthUpdate,btcusdt@depth5,1662123334406,1662123334400,20285.60,20285.70
depthUpdate,btcusdt@depth5,1662123334656,1662123334650,20285.60,20285.70
depthUpdate,btcusdt@depth5,1662123334907,1662123334900,20285.60,20285.70
depthUpdate,btcusdt@depth5,1662123335157,1662123335150,20285.60,20285.70
depthUpdate,btcusdt@depth5,1662123335407,1662123335400,20285.60,20285.70
depthUpdate,btcusdt@depth5,1662123335657,1662123335651,20285.60,20285.70
depthUpdate,btcusdt@depth5,1662123335908,1662123335901,20285.60,20285.70
depthUpdate,btcusdt@depth5,1662123336158,1662123336153,20285.60,20285.70
depthUpdate,btcusdt@depth5,1662123336408,1662123336403,20285.60,20285.70
depthUpdate,btcusdt@depth5,1662123336658,1662123336652,20285.60,20285.70
depthUpdate,btcusdt@depth5,1662123336908,1662123336902,20286.40,20286.50
depthUpdate,btcusdt@depth5,1662123337158,1662123337151,20286.40,20286.50
depthUpdate,btcusdt@depth5,1662123337408,1662123337402,20286.40,20286.50
depthUpdate,btcusdt@depth5,1662123337658,1662123337652,20286.40,20286.50
depthUpdate,btcusdt@depth5,1662123337908,1662123337902,20286.90,20287.00
depthUpdate,btcusdt@depth5,1662123338158,1662123338152,20287.90,20288.00
depthUpdate,btcusdt@depth5,1662123338408,1662123338400,20285.30,20285.40
depthUpdate,btcusdt@depth5,1662123338659,1662123338653,20285.30,20285.40
depthUpdate,btcusdt@depth5,1662123338910,1662123338903,20285.30,20285.40
depthUpdate,btcusdt@depth5,1662123339160,1662123339154,20288.20,20288.30
depthUpdate,btcusdt@depth5,1662123339410,1662123339406,20286.60,20286.70
depthUpdate,btcusdt@depth5,1662123339660,1662123339655,20285.40,20285.50
depthUpdate,btcusdt@depth5,1662123339911,1662123339905,20285.40,20285.50
depthUpdate,btcusdt@depth5,1662123340162,1662123340157,20288.90,20289.00
depthUpdate,btcusdt@depth5,1662123340426,1662123340412,20285.50,20285.60
depthUpdate,btcusdt@depth5,1662123340687,1662123340664,20285.50,20285.60
depthUpdate,btcusdt@depth5,1662123340938,1662123340932,20283.20,20283.50
depthUpdate,btcusdt@depth5,1662123341188,1662123341177,20282.90,20283.00
depthUpdate,btcusdt@depth5,1662123341438,1662123341427,20282.90,20283.00
depthUpdate,btcusdt@depth5,1662123341724,1662123341717,20282.90,20283.00
depthUpdate,btcusdt@depth5,1662123341974,1662123341968,20282.90,20283.00
depthUpdate,btcusdt@depth5,1662123342226,1662123342219,20285.30,20285.40
depthUpdate,btcusdt@depth5,1662123342477,1662123342473,20285.30,20285.40
depthUpdate,btcusdt@depth5,1662123342728,1662123342721,20284.30,20284.40
depthUpdate,btcusdt@depth5,1662123342978,1662123342974,20284.30,20284.40
depthUpdate,btcusdt@depth5,1662123343230,1662123343224,20284.30,20284.40
depthUpdate,btcusdt@depth5,1662123343480,1662123343475,20284.70,20284.80
depthUpdate,btcusdt@depth5,1662123343730,1662123343724,20286.20,20286.30
depthUpdate,btcusdt@depth5,1662123343980,1662123343972,20286.20,20286.30
depthUpdate,btcusdt@depth5,1662123344231,1662123344226,20286.20,20286.30
depthUpdate,btcusdt@depth5,1662123344481,1662123344475,20283.10,20283.20
depthUpdate,btcusdt@depth5,1662123344731,1662123344725,20283.10,20283.20
depthUpdate,btcusdt@depth5,1662123344982,1662123344975,20283.10,20283.20
depthUpdate,btcusdt@depth5,1662123345232,1662123345229,20283.10,20283.20
depthUpdate,btcusdt@depth5,1662123345483,1662123345477,20283.10,20283.20
depthUpdate,btcusdt@depth5,1662123345734,1662123345718,20280.90,20281.00
depthUpdate,btcusdt@depth5,1662123345985,1662123345981,20280.40,20280.50
depthUpdate,btcusdt@depth5,1662123346237,1662123346231,20281.70,20281.80
depthUpdate,btcusdt@depth5,1662123346487,1662123346481,20281.70,20281.80
depthUpdate,btcusdt@depth5,1662123346737,1662123346731,20281.70,20281.80
depthUpdate,btcusdt@depth5,1662123346987,1662123346979,20281.70,20281.80
depthUpdate,btcusdt@depth5,1662123347237,1662123347232,20281.70,20281.80
depthUpdate,btcusdt@depth5,1662123347488,1662123347482,20281.80,20281.90
depthUpdate,btcusdt@depth5,1662123347738,1662123347732,20281.80,20281.90
depthUpdate,btcusdt@depth5,1662123347988,1662123347983,20281.80,20281.90
depthUpdate,btcusdt@depth5,1662123348239,1662123348233,20281.80,20281.90
depthUpdate,btcusdt@depth5,1662123348490,1662123348484,20281.00,20281.10
depthUpdate,btcusdt@depth5,1662123348740,1662123348736,20280.10,20280.20
depthUpdate,btcusdt@depth5,1662123348992,1662123348987,20278.60,20278.70
depthUpdate,btcusdt@depth5,1662123349243,1662123349236,20279.20,20279.30
depthUpdate,btcusdt@depth5,1662123349493,1662123349486,20279.90,20280.00
depthUpdate,btcusdt@depth5,1662123349743,1662123349737,20279.90,20280.00
depthUpdate,btcusdt@depth5,1662123349993,1662123349987,20280.90,20281.00
depthUpdate,btcusdt@depth5,1662123350243,1662123350236,20280.90,20281.00
depthUpdate,btcusdt@depth5,1662123350494,1662123350487,20280.90,20281.00
depthUpdate,btcusdt@depth5,1662123350745,1662123350738,20282.70,20282.80
depthUpdate,btcusdt@depth5,1662123350995,1662123350989,20282.70,20282.80
depthUpdate,btcusdt@depth5,1662123351246,1662123351241,20282.70,20282.80
depthUpdate,btcusdt@depth5,1662123351497,1662123351492,20283.00,20283.10
depthUpdate,btcusdt@depth5,1662123351747,1662123351741,20284.70,20284.80
depthUpdate,btcusdt@depth5,1662123351998,1662123351993,20284.70,20284.80
depthUpdate,btcusdt@depth5,1662123352248,1662123352241,20284.70,20284.80
depthUpdate,btcusdt@depth5,1662123352498,1662123352491,20279.00,20279.10
depthUpdate,btcusdt@depth5,1662123352749,1662123352743,20279.00,20279.10
depthUpdate,btcusdt@depth5,1662123352999,1662123352993,20279.00,20279.10
depthUpdate,btcusdt@depth5,1662123353250,1662123353245,20279.00,20279.10
depthUpdate,btcusdt@depth5,1662123353502,1662123353496,20279.00,20279.10
depthUpdate,btcusdt@depth5,1662123353753,1662123353747,20279.00,20279.10
depthUpdate,btcusdt@depth5,1662123354003,1662123353999,20281.60,20281.70
depthUpdate,btcusdt@depth5,1662123354254,1662123354246,20281.60,20281.70
depthUpdate,btcusdt@depth5,1662123354504,1662123354498,20281.60,20281.70
depthUpdate,btcusdt@depth5,1662123354755,1662123354749,20281.60,20281.70
depthUpdate,btcusdt@depth5,1662123355005,1662123354998,20281.60,20281.70
depthUpdate,btcusdt@depth5,1662123355256,1662123355250,20281.60,20281.70
depthUpdate,btcusdt@depth5,1662123355507,1662123355501,20281.60,20281.70
depthUpdate,btcusdt@depth5,1662123355757,1662123355751,20281.60,20281.70
depthUpdate,btcusdt@depth5,1662123356007,1662123356002,20281.60,20281.70
depthUpdate,btcusdt@depth5,1662123356260,1662123356254,20281.60,20281.70
depthUpdate,btcusdt@depth5,1662123356510,1662123356504,20281.80,20281.90
depthUpdate,btcusdt@depth5,1662123356760,1662123356755,20281.80,20281.90
depthUpdate,btcusdt@depth5,1662123357011,1662123357004,20281.80,20281.90
depthUpdate,btcusdt@depth5,1662123357261,1662123357255,20281.80,20281.90
depthUpdate,btcusdt@depth5,1662123357511,1662123357506,20281.80,20281.90
depthUpdate,btcusdt@depth5,1662123357764,1662123357760,20281.80,20281.90
depthUpdate,btcusdt@depth5,1662123358015,1662123358011,20281.80,20281.90
depthUpdate,btcusdt@depth5,1662123358268,1662123358263,20281.80,20281.90
depthUpdate,btcusdt@depth5,1662123358518,1662123358509,20282.90,20283.00
depthUpdate,btcusdt@depth5,1662123358768,1662123358764,20282.90,20283.00
depthUpdate,btcusdt@depth5,1662123359018,1662123359011,20282.90,20283.00
depthUpdate,btcusdt@depth5,1662123359270,1662123359266,20282.90,20283.00
depthUpdate,btcusdt@depth5,1662123359522,1662123359515,20282.90,20283.00
depthUpdate,btcusdt@depth5,1662123359772,1662123359766,20282.90,20283.00
depthUpdate,btcusdt@depth5,1662123360024,1662123360019,20282.90,20283.00
depthUpdate,btcusdt@depth5,1662123360274,1662123360269,20282.90,20283.00
depthUpdate,btcusdt@depth5,1662123360524,1662123360519,20282.90,20283.00
depthUpdate,btcusdt@depth5,1662123360775,1662123360768,20282.80,20283.00
depthUpdate,btcusdt@depth5,1662123361025,1662123360991,20280.00,20280.10
depthUpdate,btcusdt@depth5,1662123361275,1662123361270,20280.00,20280.10
depthUpdate,btcusdt@depth5,1662123361526,1662123361521,20280.00,20280.10
depthUpdate,btcusdt@depth5,1662123361776,1662123361764,20277.70,20277.90
depthUpdate,btcusdt@depth5,1662123362027,1662123362021,20275.00,20275.10
depthUpdate,btcusdt@depth5,1662123362277,1662123362270,20273.40,20273.50
depthUpdate,btcusdt@depth5,1662123362527,1662123362521,20273.40,20273.50
depthUpdate,btcusdt@depth5,1662123362777,1662123362768,20273.40,20273.50
depthUpdate,btcusdt@depth5,1662123363027,1662123363001,20270.50,20270.60
depthUpdate,btcusdt@depth5,1662123363277,1662123363271,20270.50,20270.60
depthUpdate,btcusdt@depth5,1662123363527,1662123363521,20270.50,20270.60
depthUpdate,btcusdt@depth5,1662123363777,1662123363771,20270.50,20270.60
depthUpdate,btcusdt@depth5,1662123364027,1662123364021,20270.50,20270.60
depthUpdate,btcusdt@depth5,1662123364278,1662123364271,20270.60,20270.70
depthUpdate,btcusdt@depth5,1662123364528,1662123364523,20270.60,20270.70
depthUpdate,btcusdt@depth5,1662123364779,1662123364774,20269.90,20270.00
depthUpdate,btcusdt@depth5,1662123365030,1662123365024,20266.20,20266.30
depthUpdate,btcusdt@depth5,1662123365280,1662123365275,20266.20,20266.30
depthUpdate,btcusdt@depth5,1662123365532,1662123365527,20269.40,20269.50
depthUpdate,btcusdt@depth5,1662123365782,1662123365777,20269.40,20269.50
depthUpdate,btcusdt@depth5,1662123366032,1662123366024,20269.40,20269.50
depthUpdate,btcusdt@depth5,1662123366282,1662123366276,20269.40,20269.50
depthUpdate,btcusdt@depth5,1662123366533,1662123366527,20269.40,20269.50
depthUpdate,btcusdt@depth5,1662123366783,1662123366776,20269.40,20269.50
depthUpdate,btcusdt@depth5,1662123367033,1662123367027,20269.40,20269.50
depthUpdate,btcusdt@depth5,1662123367284,1662123367276,20270.20,20270.30
depthUpdate,btcusdt@depth5,1662123367534,1662123367529,20273.40,20273.50
depthUpdate,btcusdt@depth5,1662123367784,1662123367778,20273.40,20273.50
depthUpdate,btcusdt@depth5,1662123368034,1662123368028,20273.40,20273.50
depthUpdate,btcusdt@depth5,1662123368284,1662123368278,20274.90,20275.00
depthUpdate,btcusdt@depth5,1662123368534,1662123368529,20275.60,20275.70
depthUpdate,btcusdt@depth5,1662123368788,1662123368781,20275.60,20275.70
depthUpdate,btcusdt@depth5,1662123369038,1662123369033,20275.60,20275.70
depthUpdate,btcusdt@depth5,1662123369288,1662123369281,20275.60,20275.70
depthUpdate,btcusdt@depth5,1662123369539,1662123369534,20275.60,20275.70
depthUpdate,btcusdt@depth5,1662123369790,1662123369785,20275.60,20275.70
depthUpdate,btcusdt@depth5,1662123370041,1662123370034,20275.60,20275.70
depthUpdate,btcusdt@depth5,1662123370291,1662123370285,20275.60,20275.70
depthUpdate,btcusdt@depth5,1662123370541,1662123370535,20275.60,20275.70
depthUpdate,btcusdt@depth5,1662123370793,1662123370782,20277.20,20277.30
depthUpdate,btcusdt@depth5,1662123371043,1662123371038,20277.30,20277.40
depthUpdate,btcusdt@depth5,1662123371293,1662123371286,20277.50,20277.60
depthUpdate,btcusdt@depth5,1662123371543,1662123371538,20277.50,20277.60
depthUpdate,btcusdt@depth5,1662123371794,1662123371787,20277.50,20277.60
depthUpdate,btcusdt@depth5,1662123372044,1662123372039,20278.50,20278.60
depthUpdate,btcusdt@depth5,1662123372297,1662123372292,20278.80,20278.90
depthUpdate,btcusdt@depth5,1662123372548,1662123372542,20278.80,20278.90
depthUpdate,btcusdt@depth5,1662123372799,1662123372793,20278.80,20278.90
depthUpdate,btcusdt@depth5,1662123373050,1662123373040,20279.90,20280.00
depthUpdate,btcusdt@depth5,1662123373300,1662123373296,20280.20,20280.30
depthUpdate,btcusdt@depth5,1662123373551,1662123373546,20281.70,20281.80
depthUpdate,btcusdt@depth5,1662123373805,1662123373790,20282.80,20282.90
depthUpdate,btcusdt@depth5,1662123374056,1662123374051,20282.80,20282.90
depthUpdate,btcusdt@depth5,1662123374306,1662123374302,20283.40,20283.50
depthUpdate,btcusdt@depth5,1662123374556,1662123374550,20283.40,20283.50
depthUpdate,btcusdt@depth5,1662123374807,1662123374801,20284.20,20284.30
depthUpdate,btcusdt@depth5,1662123375057,1662123375052,20284.80,20284.90
depthUpdate,btcusdt@depth5,1662123375308,1662123375302,20284.90,20285.00
depthUpdate,btcusdt@depth5,1662123375561,1662123375555,20284.90,20285.00
depthUpdate,btcusdt@depth5,1662123375812,1662123375805,20284.90,20285.00
depthUpdate,btcusdt@depth5,1662123376062,1662123376056,20286.60,20286.70
depthUpdate,btcusdt@depth5,1662123376313,1662123376306,20286.80,20286.90
depthUpdate,btcusdt@depth5,1662123376563,1662123376558,20287.30,20287.40
depthUpdate,btcusdt@depth5,1662123376814,1662123376804,20288.90,20289.00
depthUpdate,btcusdt@depth5,1662123377064,1662123377059,20288.90,20289.00
depthUpdate,btcusdt@depth5,1662123377317,1662123377312,20286.20,20286.30
depthUpdate,btcusdt@depth5,1662123377567,1662123377562,20286.20,20286.30
depthUpdate,btcusdt@depth5,1662123377818,1662123377808,20284.00,20284.10
depthUpdate,btcusdt@depth5,1662123378068,1662123378062,20283.40,20283.50
depthUpdate,btcusdt@depth5,1662123378318,1662123378311,20283.50,20283.60
depthUpdate,btcusdt@depth5,1662123378569,1662123378563,20284.50,20284.60
depthUpdate,btcusdt@depth5,1662123378820,1662123378813,20284.50,20284.60
depthUpdate,btcusdt@depth5,1662123379073,1662123378950,20284.50,20284.60
depthUpdate,btcusdt@depth5,1662123379349,1662123379343,20284.50,20284.60
depthUpdate,btcusdt@depth5,1662123379602,1662123379597,20284.50,20284.60
depthUpdate,btcusdt@depth5,1662123379852,1662123379843,20283.40,20283.50
depthUpdate,btcusdt@depth5,1662123380102,1662123380097,20282.40,20282.50
depthUpdate,btcusdt@depth5,1662123380353,1662123380345,20282.40,20282.50
depthUpdate,btcusdt@depth5,1662123380603,1662123380593,20282.40,20282.50
depthUpdate,btcusdt@depth5,1662123380853,1662123380849,20282.40,20282.50
depthUpdate,btcusdt@depth5,1662123381104,1662123381098,20282.50,20282.60
depthUpdate,btcusdt@depth5,1662123381354,1662123381350,20282.60,20282.70
depthUpdate,btcusdt@depth5,1662123381604,1662123381600,20284.90,20285.00
depthUpdate,btcusdt@depth5,1662123381855,1662123381846,20282.90,20283.00
depthUpdate,btcusdt@depth5,1662123382106,1662123382100,20281.70,20281.80
depthUpdate,btcusdt@depth5,1662123382357,1662123382353,20281.70,20281.80
depthUpdate,btcusdt@depth5,1662123382610,1662123382604,20281.70,20281.80
depthUpdate,btcusdt@depth5,1662123382860,1662123382855,20281.70,20281.80
depthUpdate,btcusdt@depth5,1662123383111,1662123383106,20282.70,20282.80
depthUpdate,btcusdt@depth5,1662123383361,1662123383357,20282.90,20283.00
depthUpdate,btcusdt@depth5,1662123383611,1662123383607,20282.90,20283.00
depthUpdate,btcusdt@depth5,1662123383861,1662123383852,20283.90,20284.00
depthUpdate,btcusdt@depth5,1662123384112,1662123384106,20284.40,20284.50
depthUpdate,btcusdt@depth5,1662123384362,1662123384357,20284.40,20284.50
depthUpdate,btcusdt@depth5,1662123384614,1662123384604,20284.40,20284.50
depthUpdate,btcusdt@depth5,1662123384864,1662123384858,20284.40,20284.50
depthUpdate,btcusdt@depth5,1662123385114,1662123385107,20284.40,20284.50
depthUpdate,btcusdt@depth5,1662123385365,1662123385360,20284.40,20284.50
depthUpdate,btcusdt@depth5,1662123385616,1662123385611,20284.90,20285.00
depthUpdate,btcusdt@depth5,1662123385866,1662123385861,20284.90,20285.00
depthUpdate,btcusdt@depth5,1662123386116,1662123386108,20284.90,20285.00
depthUpdate,btcusdt@depth5,1662123386366,1662123386362,20284.90,20285.00
depthUpdate,btcusdt@depth5,1662123386618,1662123386611,20284.90,20285.00
depthUpdate,btcusdt@depth5,1662123386868,1662123386862,20284.90,20285.00
depthUpdate,btcusdt@depth5,1662123387120,1662123387115,20285.00,20285.10
depthUpdate,btcusdt@depth5,1662123387371,1662123387366,20285.10,20285.20
depthUpdate,btcusdt@depth5,1662123387626,1662123387608,20287.90,20288.00
depthUpdate,btcusdt@depth5,1662123387876,1662123387870,20287.90,20288.00
depthUpdate,btcusdt@depth5,1662123388126,1662123388120,20287.90,20288.00
depthUpdate,btcusdt@depth5,1662123388376,1662123388369,20287.90,20288.00
depthUpdate,btcusdt@depth5,1662123388626,1662123388614,20285.60,20285.70
depthUpdate,btcusdt@depth5,1662123388876,1662123388870,20285.60,20285.70
depthUpdate,btcusdt@depth5,1662123389128,1662123389124,20285.60,20285.70
depthUpdate,btcusdt@depth5,1662123389378,1662123389372,20287.20,20287.30
depthUpdate,btcusdt@depth5,1662123389628,1662123389620,20287.20,20287.30
depthUpdate,btcusdt@depth5,1662123389878,1662123389873,20287.20,20287.30
depthUpdate,btcusdt@depth5,1662123390128,1662123390121,20287.50,20287.60
depthUpdate,btcusdt@depth5,1662123390378,1662123390371,20287.50,20287.60
depthUpdate,btcusdt@depth5,1662123390628,1662123390622,20287.50,20287.60
depthUpdate,btcusdt@depth5,1662123390879,1662123390870,20287.50,20287.60
depthUpdate,btcusdt@depth5,1662123391129,1662123391124,20287.60,20287.70
depthUpdate,btcusdt@depth5,1662123391380,1662123391376,20287.60,20287.70
depthUpdate,btcusdt@depth5,1662123391630,1662123391625,20287.60,20287.70
depthUpdate,btcusdt@depth5,1662123391882,1662123391876,20287.60,20287.70
depthUpdate,btcusdt@depth5,1662123392133,1662123392128,20287.60,20287.70
depthUpdate,btcusdt@depth5,1662123392386,1662123392380,20287.60,20287.70
depthUpdate,btcusdt@depth5,1662123392637,1662123392632,20287.60,20287.70
depthUpdate,btcusdt@depth5,1662123392888,1662123392883,20287.60,20287.70
depthUpdate,btcusdt@depth5,1662123393139,1662123393134,20287.60,20287.70
depthUpdate,btcusdt@depth5,1662123393390,1662123393383,20287.60,20287.70
depthUpdate,btcusdt@depth5,1662123393640,1662123393634,20287.90,20288.00
depthUpdate,btcusdt@depth5,1662123393890,1662123393885,20287.90,20288.00
depthUpdate,btcusdt@depth5,1662123394141,1662123394137,20288.10,20288.20
depthUpdate,btcusdt@depth5,1662123394393,1662123394386,20288.50,20288.60
depthUpdate,btcusdt@depth5,1662123394643,1662123394638,20288.50,20288.60
depthUpdate,btcusdt@depth5,1662123394893,1662123394887,20288.50,20288.60
depthUpdate,btcusdt@depth5,1662123395143,1662123395138,20288.60,20288.70
depthUpdate,btcusdt@depth5,1662123395395,1662123395388,20288.60,20288.70
depthUpdate,btcusdt@depth5,1662123395645,1662123395638,20287.20,20287.30
depthUpdate,btcusdt@depth5,1662123395896,1662123395890,20287.20,20287.30
depthUpdate,btcusdt@depth5,1662123396147,1662123396141,20287.20,20287.30
depthUpdate,btcusdt@depth5,1662123396397,1662123396387,20287.20,20287.30
depthUpdate,btcusdt@depth5,1662123396647,1662123396640,20287.20,20287.30
depthUpdate,btcusdt@depth5,1662123396899,1662123396893,20287.20,20287.30
depthUpdate,btcusdt@depth5,1662123397149,1662123397143,20287.20,20287.30
depthUpdate,btcusdt@depth5,1662123397399,1662123397394,20285.10,20285.20
depthUpdate,btcusdt@depth5,1662123397650,1662123397645,20285.10,20285.20
depthUpdate,btcusdt@depth5,1662123397900,1662123397894,20285.10,20285.20
depthUpdate,btcusdt@depth5,1662123398150,1662123398145,20285.30,20285.40
depthUpdate,btcusdt@depth5,1662123398400,1662123398394,20285.30,20285.40
depthUpdate,btcusdt@depth5,1662123398650,1662123398645,20285.30,20285.40
depthUpdate,btcusdt@depth5,1662123398900,1662123398894,20287.10,20287.20
depthUpdate,btcusdt@depth5,1662123399151,1662123399147,20287.20,20287.30
depthUpdate,btcusdt@depth5,1662123399402,1662123399397,20287.50,20287.60
depthUpdate,btcusdt@depth5,1662123399652,1662123399647,20287.50,20287.60
depthUpdate,btcusdt@depth5,1662123399902,1662123399895,20287.50,20287.60
depthUpdate,btcusdt@depth5,1662123400152,1662123400138,20287.60,20287.70
depthUpdate,btcusdt@depth5,1662123400428,1662123400401,20289.60,20290.00
depthUpdate,btcusdt@depth5,1662123400679,1662123400670,20288.80,20288.90
depthUpdate,btcusdt@depth5,1662123400930,1662123400910,20287.50,20287.60
depthUpdate,btcusdt@depth5,1662123401188,1662123401179,20285.70,20285.90
depthUpdate,btcusdt@depth5,1662123401444,1662123401402,20284.60,20284.90
depthUpdate,btcusdt@depth5,1662123401696,1662123401690,20284.60,20284.70
depthUpdate,btcusdt@depth5,1662123401947,1662123401941,20284.60,20284.70
depthUpdate,btcusdt@depth5,1662123402198,1662123402194,20285.00,20285.10
depthUpdate,btcusdt@depth5,1662123402449,1662123402444,20285.00,20285.10
depthUpdate,btcusdt@depth5,1662123402699,1662123402692,20286.30,20286.40
depthUpdate,btcusdt@depth5,1662123402950,1662123402945,20286.60,20286.70
depthUpdate,btcusdt@depth5,1662123403200,1662123403194,20287.00,20287.10
depthUpdate,btcusdt@depth5,1662123403450,1662123403446,20287.00,20287.10
depthUpdate,btcusdt@depth5,1662123403701,1662123403696,20287.40,20287.50
depthUpdate,btcusdt@depth5,1662123403951,1662123403945,20287.40,20287.50
depthUpdate,btcusdt@depth5,1662123404201,1662123404194,20287.90,20288.00
depthUpdate,btcusdt@depth5,1662123404451,1662123404446,20287.90,20288.00
depthUpdate,btcusdt@depth5,1662123404702,1662123404697,20288.30,20288.40
depthUpdate,btcusdt@depth5,1662123404953,1662123404949,20288.30,20288.40
depthUpdate,btcusdt@depth5,1662123405204,1662123405200,20288.30,20288.40
depthUpdate,btcusdt@depth5,1662123405455,1662123405449,20288.30,20288.40
depthUpdate,btcusdt@depth5,1662123405706,1662123405700,20287.60,20287.70
depthUpdate,btcusdt@depth5,1662123405956,1662123405951,20287.60,20287.70
depthUpdate,btcusdt@depth5,1662123406207,1662123406202,20287.70,20287.80
depthUpdate,btcusdt@depth5,1662123406457,1662123406452,20287.70,20287.80
depthUpdate,btcusdt@depth5,1662123406707,1662123406702,20287.70,20287.80
depthUpdate,btcusdt@depth5,1662123406959,1662123406953,20287.70,20287.80
depthUpdate,btcusdt@depth5,1662123407209,1662123407204,20287.60,20287.70
depthUpdate,btcusdt@depth5,1662123407459,1662123407454,20287.60,20287.70
depthUpdate,btcusdt@depth5,1662123407709,1662123407705,20285.50,20285.60
depthUpdate,btcusdt@depth5,1662123407960,1662123407952,20285.50,20285.60
depthUpdate,btcusdt@depth5,1662123408210,1662123408204,20286.70,20286.80
depthUpdate,btcusdt@depth5,1662123408460,1662123408455,20286.80,20286.90
depthUpdate,btcusdt@depth5,1662123408711,1662123408705,20286.80,20286.90
depthUpdate,btcusdt@depth5,1662123408961,1662123408956,20286.80,20286.90
depthUpdate,btcusdt@depth5,1662123409211,1662123409207,20286.80,20286.90
depthUpdate,btcusdt@depth5,1662123409462,1662123409456,20286.80,20286.90
depthUpdate,btcusdt@depth5,1662123409712,1662123409706,20286.80,20286.90
depthUpdate,btcusdt@depth5,1662123409962,1662123409955,20286.80,20286.90
depthUpdate,btcusdt@depth5,1662123410212,1662123410208,20286.90,20287.00
depthUpdate,btcusdt@depth5,1662123410462,1662123410457,20286.90,20287.00
depthUpdate,btcusdt@depth5,1662123410713,1662123410706,20286.90,20287.00
depthUpdate,btcusdt@depth5,1662123410963,1662123410956,20286.90,20287.00
depthUpdate,btcusdt@depth5,1662123411214,1662123411207,20287.00,20287.10
depthUpdate,btcusdt@depth5,1662123411464,1662123411458,20287.00,20287.10
depthUpdate,btcusdt@depth5,1662123411717,1662123411711,20287.00,20287.10
depthUpdate,btcusdt@depth5,1662123411968,1662123411961,20287.00,20287.10
depthUpdate,btcusdt@depth5,1662123412218,1662123412213,20288.00,20288.10
depthUpdate,btcusdt@depth5,1662123412469,1662123412462,20288.00,20288.10
depthUpdate,btcusdt@depth5,1662123412721,1662123412716,20287.00,20287.10
depthUpdate,btcusdt@depth5,1662123412971,1662123412964,20286.50,20286.60
depthUpdate,btcusdt@depth5,1662123413221,1662123413215,20286.50,20286.60
depthUpdate,btcusdt@depth5,1662123413473,1662123413467,20286.50,20286.60
depthUpdate,btcusdt@depth5,1662123413723,1662123413717,20286.50,20286.60
depthUpdate,btcusdt@depth5,1662123413973,1662123413968,20286.70,20286.80
depthUpdate,btcusdt@depth5,1662123414224,1662123414217,20287.10,20287.20
depthUpdate,btcusdt@depth5,1662123414475,1662123414470,20287.10,20287.20
depthUpdate,btcusdt@depth5,1662123414725,1662123414718,20287.10,20287.20
depthUpdate,btcusdt@depth5,1662123414975,1662123414969,20287.00,20287.10
depthUpdate,btcusdt@depth5,1662123415227,1662123415221,20287.00,20287.10
depthUpdate,btcusdt@depth5,1662123415478,1662123415473,20287.00,20287.10
depthUpdate,btcusdt@depth5,1662123415729,1662123415724,20287.00,20287.10
depthUpdate,btcusdt@depth5,1662123415979,1662123415972,20287.00,20287.10
depthUpdate,btcusdt@depth5,1662123416229,1662123416224,20287.00,20287.10
depthUpdate,btcusdt@depth5,1662123416482,1662123416475,20287.00,20287.10
depthUpdate,btcusdt@depth5,1662123416732,1662123416728,20288.10,20288.20
depthUpdate,btcusdt@depth5,1662123416983,1662123416978,20288.10,20288.20
depthUpdate,btcusdt@depth5,1662123417235,1662123417231,20288.20,20288.30
depthUpdate,btcusdt@depth5,1662123417487,1662123417481,20288.20,20288.30
depthUpdate,btcusdt@depth5,1662123417738,1662123417732,20289.40,20289.50
depthUpdate,btcusdt@depth5,1662123417988,1662123417985,20289.40,20289.50
depthUpdate,btcusdt@depth5,1662123418240,1662123418235,20289.70,20289.80
depthUpdate,btcusdt@depth5,1662123418490,1662123418485,20289.70,20289.80
depthUpdate,btcusdt@depth5,1662123418741,1662123418735,20289.70,20289.80
depthUpdate,btcusdt@depth5,1662123418991,1662123418985,20289.70,20289.80
depthUpdate,btcusdt@depth5,1662123419242,1662123419235,20289.90,20290.00
depthUpdate,btcusdt@depth5,1662123419492,1662123419486,20289.90,20290.00
depthUpdate,btcusdt@depth5,1662123419742,1662123419716,20287.50,20287.60
depthUpdate,btcusdt@depth5,1662123419992,1662123419985,20287.50,20287.60
depthUpdate,btcusdt@depth5,1662123420242,1662123420235,20287.50,20287.60
depthUpdate,btcusdt@depth5,1662123420492,1662123420483,20287.50,20287.60
depthUpdate,btcusdt@depth5,1662123420742,1662123420737,20288.60,20288.70
depthUpdate,btcusdt@depth5,1662123420992,1662123420988,20287.90,20288.00
depthUpdate,btcusdt@depth5,1662123421242,1662123421237,20287.50,20287.60
depthUpdate,btcusdt@depth5,1662123421492,1662123421488,20287.00,20287.10
depthUpdate,btcusdt@depth5,1662123421743,1662123421738,20287.00,20287.10
depthUpdate,btcusdt@depth5,1662123421994,1662123421979,20285.30,20285.40
depthUpdate,btcusdt@depth5,1662123422244,1662123422237,20285.30,20285.40
depthUpdate,btcusdt@depth5,1662123422495,1662123422491,20285.30,20285.40
depthUpdate,btcusdt@depth5,1662123422746,1662123422720,20283.50,20283.90
depthUpdate,btcusdt@depth5,1662123422996,1662123422978,20282.30,20282.40
depthUpdate,btcusdt@depth5,1662123423246,1662123423239,20282.30,20282.40
depthUpdate,btcusdt@depth5,1662123423496,1662123423490,20282.40,20282.50
depthUpdate,btcusdt@depth5,1662123423746,1662123423741,20282.40,20282.50
depthUpdate,btcusdt@depth5,1662123423996,1662123423992,20282.40,20282.50
depthUpdate,btcusdt@depth5,1662123424246,1662123424240,20283.50,20283.60
depthUpdate,btcusdt@depth5,1662123424496,1662123424492,20283.50,20283.60
depthUpdate,btcusdt@depth5,1662123424749,1662123424745,20283.50,20283.60
depthUpdate,btcusdt@depth5,1662123425000,1662123424996,20280.00,20280.10
depthUpdate,btcusdt@depth5,1662123425250,1662123425244,20281.90,20282.00
depthUpdate,btcusdt@depth5,1662123425501,1662123425498,20281.90,20282.00
depthUpdate,btcusdt@depth5,1662123425752,1662123425747,20284.50,20284.60
depthUpdate,btcusdt@depth5,1662123426003,1662123425998,20284.50,20284.60
depthUpdate,btcusdt@depth5,1662123426253,1662123426248,20282.30,20282.40
depthUpdate,btcusdt@depth5,1662123426504,1662123426497,20283.70,20283.80
depthUpdate,btcusdt@depth5,1662123426754,1662123426749,20283.70,20283.80
depthUpdate,btcusdt@depth5,1662123427005,1662123426999,20283.80,20283.90
depthUpdate,btcusdt@depth5,1662123427257,1662123427251,20285.20,20285.30
depthUpdate,btcusdt@depth5,1662123427508,1662123427501,20285.20,20285.30
depthUpdate,btcusdt@depth5,1662123427758,1662123427751,20285.20,20285.30
depthUpdate,btcusdt@depth5,1662123428010,1662123427992,20286.40,20286.50
depthUpdate,btcusdt@depth5,1662123428260,1662123428254,20286.50,20286.60
depthUpdate,btcusdt@depth5,1662123428510,1662123428504,20286.50,20286.60
depthUpdate,btcusdt@depth5,1662123428762,1662123428756,20286.50,20286.60
depthUpdate,btcusdt@depth5,1662123429013,1662123429008,20286.90,20287.00
depthUpdate,btcusdt@depth5,1662123429264,1662123429259,20287.00,20287.10
depthUpdate,btcusdt@depth5,1662123429515,1662123429507,20287.00,20287.10
depthUpdate,btcusdt@depth5,1662123429769,1662123429764,20287.00,20287.10
depthUpdate,btcusdt@depth5,1662123430019,1662123430014,20287.00,20287.10
depthUpdate,btcusdt@depth5,1662123430270,1662123430265,20287.00,20287.10
depthUpdate,btcusdt@depth5,1662123430521,1662123430515,20285.00,20285.10
depthUpdate,btcusdt@depth5,1662123430771,1662123430765,20285.00,20285.10
depthUpdate,btcusdt@depth5,1662123431022,1662123431016,20285.00,20285.10
depthUpdate,btcusdt@depth5,1662123431273,1662123431267,20285.00,20285.10
depthUpdate,btcusdt@depth5,1662123431524,1662123431518,20285.00,20285.10
depthUpdate,btcusdt@depth5,1662123431774,1662123431770,20285.00,20285.10
depthUpdate,btcusdt@depth5,1662123432025,1662123432019,20285.00,20285.10
depthUpdate,btcusdt@depth5,1662123432275,1662123432269,20285.00,20285.10
depthUpdate,btcusdt@depth5,1662123432525,1662123432520,20285.00,20285.10
depthUpdate,btcusdt@depth5,1662123432775,1662123432770,20285.00,20285.10
depthUpdate,btcusdt@depth5,1662123433026,1662123433022,20285.10,20285.20
depthUpdate,btcusdt@depth5,1662123433276,1662123433270,20285.80,20285.90
depthUpdate,btcusdt@depth5,1662123433526,1662123433519,20285.80,20285.90
depthUpdate,btcusdt@depth5,1662123433776,1662123433768,20285.80,20285.90
depthUpdate,btcusdt@depth5,1662123434026,1662123434021,20285.80,20285.90
depthUpdate,btcusdt@depth5,1662123434278,1662123434270,20287.00,20287.10
depthUpdate,btcusdt@depth5,1662123434532,1662123434527,20286.90,20287.00
depthUpdate,btcusdt@depth5,1662123434783,1662123434778,20285.90,20286.00
depthUpdate,btcusdt@depth5,1662123435033,1662123435027,20285.90,20286.00
depthUpdate,btcusdt@depth5,1662123435285,1662123435278,20285.90,20286.00
depthUpdate,btcusdt@depth5,1662123435535,1662123435528,20285.90,20286.00
depthUpdate,btcusdt@depth5,1662123435786,1662123435781,20285.10,20285.20
depthUpdate,btcusdt@depth5,1662123436037,1662123436031,20285.10,20285.20
depthUpdate,btcusdt@depth5,1662123436288,1662123436283,20283.80,20283.90
depthUpdate,btcusdt@depth5,1662123436539,1662123436535,20283.80,20283.90
depthUpdate,btcusdt@depth5,1662123436790,1662123436783,20283.80,20283.90
depthUpdate,btcusdt@depth5,1662123437040,1662123437019,20281.70,20281.80
depthUpdate,btcusdt@depth5,1662123437291,1662123437285,20280.00,20280.10
depthUpdate,btcusdt@depth5,1662123437541,1662123437534,20280.00,20280.10
depthUpdate,btcusdt@depth5,1662123437792,1662123437787,20280.00,20280.10
depthUpdate,btcusdt@depth5,1662123438043,1662123438037,20280.00,20280.10
depthUpdate,btcusdt@depth5,1662123438293,1662123438286,20283.40,20283.50
depthUpdate,btcusdt@depth5,1662123438544,1662123438529,20283.50,20283.60
depthUpdate,btcusdt@depth5,1662123438794,1662123438789,20284.90,20285.00
depthUpdate,btcusdt@depth5,1662123439044,1662123439039,20284.90,20285.00
depthUpdate,btcusdt@depth5,1662123439295,1662123439289,20284.90,20285.00
depthUpdate,btcusdt@depth5,1662123439545,1662123439537,20286.00,20286.10
depthUpdate,btcusdt@depth5,1662123439796,1662123439790,20286.40,20286.50
depthUpdate,btcusdt@depth5,1662123440046,1662123440039,20289.10,20289.60
depthUpdate,btcusdt@depth5,1662123440296,1662123440290,20289.50,20289.60
depthUpdate,btcusdt@depth5,1662123440547,1662123440542,20289.50,20289.60
depthUpdate,btcusdt@depth5,1662123440797,1662123440787,20289.60,20289.70
depthUpdate,btcusdt@depth5,1662123441050,1662123441005,20291.90,20292.00
depthUpdate,btcusdt@depth5,1662123441301,1662123441295,20292.70,20292.80
depthUpdate,btcusdt@depth5,1662123441551,1662123441543,20292.70,20292.80
depthUpdate,btcusdt@depth5,1662123441801,1662123441795,20292.70,20292.80
depthUpdate,btcusdt@depth5,1662123442053,1662123442047,20292.70,20292.80
depthUpdate,btcusdt@depth5,1662123442303,1662123442296,20291.90,20292.00
depthUpdate,btcusdt@depth5,1662123442553,1662123442547,20291.90,20292.00
depthUpdate,btcusdt@depth5,1662123442803,1662123442793,20288.50,20288.60
depthUpdate,btcusdt@depth5,1662123443053,1662123443047,20288.60,20288.70
depthUpdate,btcusdt@depth5,1662123443304,1662123443298,20289.90,20290.00
depthUpdate,btcusdt@depth5,1662123443554,1662123443549,20291.90,20292.00
depthUpdate,btcusdt@depth5,1662123443805,1662123443800,20291.90,20292.00
depthUpdate,btcusdt@depth5,1662123444057,1662123444052,20291.90,20292.00
depthUpdate,btcusdt@depth5,1662123444308,1662123444303,20292.70,20292.80
depthUpdate,btcusdt@depth5,1662123444558,1662123444552,20292.70,20292.80
depthUpdate,btcusdt@depth5,1662123444808,1662123444803,20292.60,20292.70
depthUpdate,btcusdt@depth5,1662123445059,1662123445053,20291.20,20291.30
depthUpdate,btcusdt@depth5,1662123445311,1662123445305,20291.20,20291.30
depthUpdate,btcusdt@depth5,1662123445561,1662123445557,20291.20,20291.30
depthUpdate,btcusdt@depth5,1662123445812,1662123445806,20291.20,20291.30
depthUpdate,btcusdt@depth5,1662123446062,1662123446056,20291.20,20291.30
depthUpdate,btcusdt@depth5,1662123446313,1662123446307,20291.20,20291.30
depthUpdate,btcusdt@depth5,1662123446563,1662123446555,20292.10,20292.20
depthUpdate,btcusdt@depth5,1662123446813,1662123446806,20292.10,20292.20
depthUpdate,btcusdt@depth5,1662123447063,1662123447052,20292.60,20293.00
depthUpdate,btcusdt@depth5,1662123447353,1662123447293,20293.90,20294.00
depthUpdate,btcusdt@depth5,1662123447606,1662123447600,20293.90,20294.00
depthUpdate,btcusdt@depth5,1662123447857,1662123447852,20293.90,20294.00
depthUpdate,btcusdt@depth5,1662123448110,1662123448106,20296.30,20296.40
depthUpdate,btcusdt@depth5,1662123448361,1662123448357,20296.30,20296.40
depthUpdate,btcusdt@depth5,1662123448612,1662123448606,20296.30,20296.40
depthUpdate,btcusdt@depth5,1662123448863,1662123448858,20296.30,20296.40
depthUpdate,btcusdt@depth5,1662123449116,1662123449110,20295.90,20296.00
depthUpdate,btcusdt@depth5,1662123449366,1662123449361,20295.90,20296.00
depthUpdate,btcusdt@depth5,1662123449619,1662123449613,20295.90,20296.00
depthUpdate,btcusdt@depth5,1662123449870,1662123449863,20295.90,20296.00
depthUpdate,btcusdt@depth5,1662123450120,1662123450115,20295.90,20296.00
depthUpdate,btcusdt@depth5,1662123450371,1662123450365,20293.90,20294.00
depthUpdate,btcusdt@depth5,1662123450621,1662123450616,20293.80,20293.90
depthUpdate,btcusdt@depth5,1662123450872,1662123450867,20293.80,20293.90
depthUpdate,btcusdt@depth5,1662123451123,1662123451117,20293.80,20293.90
depthUpdate,btcusdt@depth5,1662123451374,1662123451369,20293.80,20293.90
depthUpdate,btcusdt@depth5,1662123451625,1662123451621,20293.80,20293.90
depthUpdate,btcusdt@depth5,1662123451876,1662123451870,20293.80,20293.90
depthUpdate,btcusdt@depth5,1662123452126,1662123452118,20293.80,20293.90
depthUpdate,btcusdt@depth5,1662123452377,1662123452372,20295.70,20295.80
depthUpdate,btcusdt@depth5,1662123452627,1662123452620,20295.70,20295.80
depthUpdate,btcusdt@depth5,1662123452878,1662123452869,20295.70,20295.80
depthUpdate,btcusdt@depth5,1662123453128,1662123453122,20295.70,20295.80
depthUpdate,btcusdt@depth5,1662123453378,1662123453372,20295.70,20295.80
depthUpdate,btcusdt@depth5,1662123453630,1662123453618,20295.70,20295.80
depthUpdate,btcusdt@depth5,1662123453880,1662123453874,20295.70,20295.80
depthUpdate,btcusdt@depth5,1662123454130,1662123454125,20295.70,20295.80
depthUpdate,btcusdt@depth5,1662123454381,1662123454375,20295.70,20295.80
depthUpdate,btcusdt@depth5,1662123454631,1662123454626,20295.70,20295.80
depthUpdate,btcusdt@depth5,1662123454882,1662123454876,20295.70,20295.80
depthUpdate,btcusdt@depth5,1662123455133,1662123455130,20295.70,20295.80
depthUpdate,btcusdt@depth5,1662123455385,1662123455381,20295.70,20295.80
depthUpdate,btcusdt@depth5,1662123455637,1662123455632,20295.70,20295.80
depthUpdate,btcusdt@depth5,1662123455888,1662123455883,20295.70,20295.80
depthUpdate,btcusdt@depth5,1662123456139,1662123456133,20295.70,20295.80
depthUpdate,btcusdt@depth5,1662123456391,1662123456383,20295.80,20295.90
depthUpdate,btcusdt@depth5,1662123456642,1662123456636,20295.80,20295.90
depthUpdate,btcusdt@depth5,1662123456893,1662123456886,20295.80,20295.90
depthUpdate,btcusdt@depth5,1662123457143,1662123457137,20295.80,20295.90
depthUpdate,btcusdt@depth5,1662123457394,1662123457386,20296.20,20296.30
depthUpdate,btcusdt@depth5,1662123457646,1662123457641,20296.30,20296.40
depthUpdate,btcusdt@depth5,1662123457896,1662123457891,20297.00,20297.10
depthUpdate,btcusdt@depth5,1662123458147,1662123458141,20297.00,20297.10
depthUpdate,btcusdt@depth5,1662123458397,1662123458391,20297.00,20297.10
depthUpdate,btcusdt@depth5,1662123458647,1662123458639,20297.00,20297.10
depthUpdate,btcusdt@depth5,1662123458899,1662123458894,20297.00,20297.10
depthUpdate,btcusdt@depth5,1662123459150,1662123459143,20297.60,20297.70
depthUpdate,btcusdt@depth5,1662123459400,1662123459395,20296.40,20296.50
depthUpdate,btcusdt@depth5,1662123459650,1662123459643,20296.40,20296.50
depthUpdate,btcusdt@depth5,1662123459901,1662123459894,20294.70,20294.80
depthUpdate,btcusdt@depth5,1662123460152,1662123460144,20294.70,20294.80
depthUpdate,btcusdt@depth5,1662123460402,1662123460389,20294.70,20294.80
depthUpdate,btcusdt@depth5,1662123460656,1662123460647,20294.70,20294.80
depthUpdate,btcusdt@depth5,1662123460909,1662123460902,20293.90,20294.00
depthUpdate,btcusdt@depth5,1662123461160,1662123461153,20293.90,20294.00
depthUpdate,btcusdt@depth5,1662123461411,1662123461405,20293.90,20294.00
depthUpdate,btcusdt@depth5,1662123461662,1662123461658,20293.90,20294.00
depthUpdate,btcusdt@depth5,1662123461913,1662123461908,20293.90,20294.00
depthUpdate,btcusdt@depth5,1662123462163,1662123462157,20293.90,20294.00
depthUpdate,btcusdt@depth5,1662123462413,1662123462405,20294.70,20294.80
depthUpdate,btcusdt@depth5,1662123462663,1662123462658,20292.80,20292.90
depthUpdate,btcusdt@depth5,1662123462914,1662123462909,20293.10,20293.20
depthUpdate,btcusdt@depth5,1662123463164,1662123463160,20295.20,20295.30
depthUpdate,btcusdt@depth5,1662123463415,1662123463408,20295.20,20295.30
depthUpdate,btcusdt@depth5,1662123463665,1662123463660,20294.00,20294.10
depthUpdate,btcusdt@depth5,1662123463916,1662123463911,20294.00,20294.10
depthUpdate,btcusdt@depth5,1662123464167,1662123464162,20294.00,20294.10
depthUpdate,btcusdt@depth5,1662123464417,1662123464411,20291.90,20292.00
depthUpdate,btcusdt@depth5,1662123464667,1662123464662,20293.30,20293.40
depthUpdate,btcusdt@depth5,1662123464919,1662123464912,20293.30,20293.40
depthUpdate,btcusdt@depth5,1662123465169,1662123465164,20293.30,20293.40
depthUpdate,btcusdt@depth5,1662123465423,1662123465404,20291.40,20291.50
depthUpdate,btcusdt@depth5,1662123465674,1662123465668,20291.20,20291.30
depthUpdate,btcusdt@depth5,1662123465924,1662123465918,20290.00,20290.10
depthUpdate,btcusdt@depth5,1662123466175,1662123466169,20288.10,20288.20
depthUpdate,btcusdt@depth5,1662123466425,1662123466418,20288.10,20288.20
depthUpdate,btcusdt@depth5,1662123466675,1662123466669,20287.40,20288.00
depthUpdate,btcusdt@depth5,1662123466926,1662123466920,20286.90,20287.00
depthUpdate,btcusdt@depth5,1662123467178,1662123467172,20284.90,20285.00
depthUpdate,btcusdt@depth5,1662123467429,1662123467424,20284.90,20285.00
depthUpdate,btcusdt@depth5,1662123467679,1662123467672,20284.90,20285.00
depthUpdate,btcusdt@depth5,1662123467930,1662123467924,20284.90,20285.00
depthUpdate,btcusdt@depth5,1662123468181,1662123468174,20287.80,20287.90
depthUpdate,btcusdt@depth5,1662123468431,1662123468427,20287.90,20288.00
depthUpdate,btcusdt@depth5,1662123468682,1662123468675,20287.90,20288.00
depthUpdate,btcusdt@depth5,1662123468933,1662123468927,20287.90,20288.00
depthUpdate,btcusdt@depth5,1662123469184,1662123469177,20287.90,20288.00
depthUpdate,btcusdt@depth5,1662123469435,1662123469429,20287.90,20288.00
depthUpdate,btcusdt@depth5,1662123469686,1662123469679,20286.50,20286.60
depthUpdate,btcusdt@depth5,1662123469937,1662123469928,20284.60,20284.70
depthUpdate,btcusdt@depth5,1662123470187,1662123470179,20284.40,20284.50
depthUpdate,btcusdt@depth5,1662123470437,1662123470430,20284.40,20284.50
depthUpdate,btcusdt@depth5,1662123470687,1662123470680,20283.70,20283.80
depthUpdate,btcusdt@depth5,1662123470937,1662123470925,20284.90,20285.10
depthUpdate,btcusdt@depth5,1662123471187,1662123471180,20286.40,20286.50
depthUpdate,btcusdt@depth5,1662123471438,1662123471433,20287.70,20287.80
depthUpdate,btcusdt@depth5,1662123471689,1662123471684,20287.80,20287.90
depthUpdate,btcusdt@depth5,1662123471939,1662123471932,20287.80,20287.90
depthUpdate,btcusdt@depth5,1662123472189,1662123472184,20287.80,20287.90
depthUpdate,btcusdt@depth5,1662123472440,1662123472434,20287.80,20287.90
depthUpdate,btcusdt@depth5,1662123472690,1662123472685,20287.80,20287.90
depthUpdate,btcusdt@depth5,1662123472940,1662123472934,20287.80,20287.90
depthUpdate,btcusdt@depth5,1662123473190,1662123473185,20287.80,20287.90
depthUpdate,btcusdt@depth5,1662123473440,1662123473432,20287.80,20287.90
depthUpdate,btcusdt@depth5,1662123473692,1662123473687,20287.80,20287.90
depthUpdate,btcusdt@depth5,1662123473943,1662123473939,20288.20,20288.30
depthUpdate,btcusdt@depth5,1662123474193,1662123474187,20288.50,20288.60
depthUpdate,btcusdt@depth5,1662123474443,1662123474436,20288.50,20288.60
depthUpdate,btcusdt@depth5,1662123474693,1662123474687,20288.50,20288.60
depthUpdate,btcusdt@depth5,1662123474944,1662123474939,20288.50,20288.60
depthUpdate,btcusdt@depth5,1662123475194,1662123475186,20288.50,20288.60
depthUpdate,btcusdt@depth5,1662123475445,1662123475439,20288.50,20288.60
depthUpdate,btcusdt@depth5,1662123475696,1662123475690,20288.50,20288.60
depthUpdate,btcusdt@depth5,1662123475946,1662123475942,20288.50,20288.60
depthUpdate,btcusdt@depth5,1662123476198,1662123476193,20288.50,20288.60
depthUpdate,btcusdt@depth5,1662123476448,1662123476442,20288.50,20288.60
depthUpdate,btcusdt@depth5,1662123476699,1662123476694,20288.50,20288.60
depthUpdate,btcusdt@depth5,1662123476950,1662123476946,20289.70,20289.80
depthUpdate,btcusdt@depth5,1662123477200,1662123477194,20290.90,20291.00
depthUpdate,btcusdt@depth5,1662123477450,1662123477445,20290.90,20291.00
depthUpdate,btcusdt@depth5,1662123477701,1662123477696,20291.30,20291.40
depthUpdate,btcusdt@depth5,1662123477951,1662123477945,20291.30,20291.40
depthUpdate,btcusdt@depth5,1662123478201,1662123478197,20290.90,20291.00
depthUpdate,btcusdt@depth5,1662123478451,1662123478445,20289.70,20289.80
depthUpdate,btcusdt@depth5,1662123478702,1662123478697,20289.70,20289.80
depthUpdate,btcusdt@depth5,1662123478953,1662123478948,20289.70,20289.80
depthUpdate,btcusdt@depth5,1662123479204,1662123479190,20283.50,20283.80
depthUpdate,btcusdt@depth5,1662123479454,1662123479449,20283.10,20283.20
depthUpdate,btcusdt@depth5,1662123479707,1662123479702,20283.10,20283.20
depthUpdate,btcusdt@depth5,1662123479958,1662123479952,20283.10,20283.20
depthUpdate,btcusdt@depth5,1662123480209,1662123480203,20283.10,20283.20
depthUpdate,btcusdt@depth5,1662123480459,1662123480453,20284.70,20284.80
depthUpdate,btcusdt@depth5,1662123480709,1662123480702,20284.70,20284.80
depthUpdate,btcusdt@depth5,1662123480960,1662123480954,20284.70,20284.80
depthUpdate,btcusdt@depth5,1662123481211,1662123481205,20284.70,20284.80
depthUpdate,btcusdt@depth5,1662123481461,1662123481457,20284.70,20284.80
depthUpdate,btcusdt@depth5,1662123481712,1662123481705,20284.70,20284.80
depthUpdate,btcusdt@depth5,1662123481962,1662123481957,20284.70,20284.80
depthUpdate,btcusdt@depth5,1662123482212,1662123482207,20284.70,20284.80
depthUpdate,btcusdt@depth5,1662123482463,1662123482456,20286.00,20286.10
depthUpdate,btcusdt@depth5,1662123482714,1662123482711,20286.00,20286.10
depthUpdate,btcusdt@depth5,1662123482965,1662123482959,20286.00,20286.10
depthUpdate,btcusdt@depth5,1662123483215,1662123483210,20286.90,20287.00
depthUpdate,btcusdt@depth5,1662123483465,1662123483460,20286.90,20287.00
depthUpdate,btcusdt@depth5,1662123483716,1662123483709,20286.90,20287.00
depthUpdate,btcusdt@depth5,1662123483966,1662123483961,20286.90,20287.00
depthUpdate,btcusdt@depth5,1662123484216,1662123484210,20286.50,20286.60
depthUpdate,btcusdt@depth5,1662123484466,1662123484459,20286.50,20286.60
depthUpdate,btcusdt@depth5,1662123484716,1662123484710,20286.50,20286.60
depthUpdate,btcusdt@depth5,1662123484967,1662123484961,20286.50,20286.60
depthUpdate,btcusdt@depth5,1662123485217,1662123485214,20286.50,20286.60
depthUpdate,btcusdt@depth5,1662123485468,1662123485461,20286.50,20286.60
depthUpdate,btcusdt@depth5,1662123485718,1662123485713,20286.50,20286.60
depthUpdate,btcusdt@depth5,1662123485969,1662123485963,20286.50,20286.60
depthUpdate,btcusdt@depth5,1662123486220,1662123486215,20286.50,20286.60
depthUpdate,btcusdt@depth5,1662123486472,1662123486467,20286.00,20286.10
depthUpdate,btcusdt@depth5,1662123486723,1662123486706,20285.50,20285.60
depthUpdate,btcusdt@depth5,1662123486982,1662123486948,20283.80,20283.90
depthUpdate,btcusdt@depth5,1662123487233,1662123487227,20283.80,20283.90
depthUpdate,btcusdt@depth5,1662123487484,1662123487478,20283.80,20283.90
depthUpdate,btcusdt@depth5,1662123487734,1662123487727,20283.80,20283.90
depthUpdate,btcusdt@depth5,1662123487984,1662123487977,20283.80,20283.90
depthUpdate,btcusdt@depth5,1662123488236,1662123488230,20283.80,20283.90
depthUpdate,btcusdt@depth5,1662123488486,1662123488480,20283.80,20283.90
depthUpdate,btcusdt@depth5,1662123488737,1662123488731,20283.80,20283.90
depthUpdate,btcusdt@depth5,1662123488987,1662123488980,20283.80,20283.90
depthUpdate,btcusdt@depth5,1662123489238,1662123489233,20283.80,20283.90
depthUpdate,btcusdt@depth5,1662123489489,1662123489480,20283.80,20283.90
depthUpdate,btcusdt@depth5,1662123489739,1662123489734,20283.80,20283.90
depthUpdate,btcusdt@depth5,1662123489990,1662123489987,20283.80,20283.90
depthUpdate,btcusdt@depth5,1662123490241,1662123490237,20283.80,20283.90
depthUpdate,btcusdt@depth5,1662123490492,1662123490485,20283.80,20283.90
depthUpdate,btcusdt@depth5,1662123490742,1662123490736,20283.80,20283.90
depthUpdate,btcusdt@depth5,1662123490993,1662123490989,20283.80,20283.90
depthUpdate,btcusdt@depth5,1662123491243,1662123491237,20283.80,20283.90
depthUpdate,btcusdt@depth5,1662123491493,1662123491487,20286.40,20286.50
depthUpdate,btcusdt@depth5,1662123491743,1662123491738,20286.40,20286.50
depthUpdate,btcusdt@depth5,1662123491994,1662123491988,20286.40,20286.50
depthUpdate,btcusdt@depth5,1662123492244,1662123492234,20286.40,20286.50
depthUpdate,btcusdt@depth5,1662123492494,1662123492488,20286.40,20286.50
depthUpdate,btcusdt@depth5,1662123492744,1662123492739,20286.40,20286.50
depthUpdate,btcusdt@depth5,1662123492996,1662123492991,20286.40,20286.50
depthUpdate,btcusdt@depth5,1662123493247,1662123493239,20288.50,20288.60
depthUpdate,btcusdt@depth5,1662123493498,1662123493492,20288.50,20288.60
depthUpdate,btcusdt@depth5,1662123493748,1662123493744,20288.50,20288.60
depthUpdate,btcusdt@depth5,1662123494000,1662123493995,20288.50,20288.60
depthUpdate,btcusdt@depth5,1662123494251,1662123494245,20288.50,20288.60
depthUpdate,btcusdt@depth5,1662123494503,1662123494497,20288.50,20288.60
depthUpdate,btcusdt@depth5,1662123494753,1662123494748,20288.50,20288.60
depthUpdate,btcusdt@depth5,1662123495003,1662123494998,20288.50,20288.60
depthUpdate,btcusdt@depth5,1662123495254,1662123495249,20288.50,20288.60
depthUpdate,btcusdt@depth5,1662123495504,1662123495498,20288.50,20288.60
depthUpdate,btcusdt@depth5,1662123495754,1662123495748,20288.50,20288.60
depthUpdate,btcusdt@depth5,1662123496007,1662123495998,20288.00,20288.10
depthUpdate,btcusdt@depth5,1662123496258,1662123496252,20288.00,20288.10
depthUpdate,btcusdt@depth5,1662123496509,1662123496503,20288.00,20288.10
depthUpdate,btcusdt@depth5,1662123496762,1662123496755,20288.00,20288.10
depthUpdate,btcusdt@depth5,1662123497013,1662123497008,20288.00,20288.10
depthUpdate,btcusdt@depth5,1662123497264,1662123497259,20286.60,20286.70
depthUpdate,btcusdt@depth5,1662123497515,1662123497510,20288.00,20288.10
depthUpdate,btcusdt@depth5,1662123497766,1662123497760,20288.00,20288.10
depthUpdate,btcusdt@depth5,1662123498016,1662123498010,20288.00,20288.10
depthUpdate,btcusdt@depth5,1662123498266,1662123498260,20288.50,20288.60
depthUpdate,btcusdt@depth5,1662123498516,1662123498509,20288.50,20288.60
depthUpdate,btcusdt@depth5,1662123498766,1662123498760,20288.50,20288.60
depthUpdate,btcusdt@depth5,1662123499017,1662123499011,20288.50,20288.60
depthUpdate,btcusdt@depth5,1662123499269,1662123499265,20288.50,20288.60
depthUpdate,btcusdt@depth5,1662123499520,1662123499513,20288.50,20288.60
depthUpdate,btcusdt@depth5,1662123499770,1662123499765,20288.50,20288.60
depthUpdate,btcusdt@depth5,1662123500020,1662123500011,20288.50,20288.60
depthUpdate,btcusdt@depth5,1662123500271,1662123500265,20288.50,20288.60
depthUpdate,btcusdt@depth5,1662123500521,1662123500515,20288.50,20288.60
depthUpdate,btcusdt@depth5,1662123500774,1662123500757,20288.80,20288.90
depthUpdate,btcusdt@depth5,1662123501026,1662123501000,20290.80,20290.90
depthUpdate,btcusdt@depth5,1662123501276,1662123501269,20291.40,20291.50
depthUpdate,btcusdt@depth5,1662123501527,1662123501522,20291.40,20291.50
depthUpdate,btcusdt@depth5,1662123501779,1662123501771,20291.40,20291.50
depthUpdate,btcusdt@depth5,1662123502029,1662123502023,20291.40,20291.50
depthUpdate,btcusdt@depth5,1662123502279,1662123502273,20291.40,20291.50
depthUpdate,btcusdt@depth5,1662123502530,1662123502525,20291.40,20291.50
depthUpdate,btcusdt@depth5,1662123502780,1662123502774,20289.50,20289.60
depthUpdate,btcusdt@depth5,1662123503031,1662123503026,20289.50,20289.60
depthUpdate,btcusdt@depth5,1662123503281,1662123503277,20289.50,20289.60
depthUpdate,btcusdt@depth5,1662123503532,1662123503526,20288.60,20288.70
depthUpdate,btcusdt@depth5,1662123503783,1662123503778,20288.60,20288.70
depthUpdate,btcusdt@depth5,1662123504034,1662123504027,20288.00,20288.10
depthUpdate,btcusdt@depth5,1662123504284,1662123504277,20288.50,20288.60
depthUpdate,btcusdt@depth5,1662123504534,1662123504527,20288.50,20288.60
depthUpdate,btcusdt@depth5,1662123504784,1662123504778,20288.50,20288.60
depthUpdate,btcusdt@depth5,1662123505034,1662123505027,20288.50,20288.60
depthUpdate,btcusdt@depth5,1662123505284,1662123505279,20288.50,20288.60
depthUpdate,btcusdt@depth5,1662123505534,1662123505530,20288.50,20288.60
depthUpdate,btcusdt@depth5,1662123505786,1662123505779,20288.50,20288.60
depthUpdate,btcusdt@depth5,1662123506036,1662123506031,20288.50,20288.60
depthUpdate,btcusdt@depth5,1662123506286,1662123506281,20288.90,20289.00
depthUpdate,btcusdt@depth5,1662123506536,1662123506532,20289.40,20289.50
depthUpdate,btcusdt@depth5,1662123506787,1662123506781,20289.40,20289.50
depthUpdate,btcusdt@depth5,1662123507039,1662123507023,20289.90,20290.00
depthUpdate,btcusdt@depth5,1662123507290,1662123507285,20289.90,20290.00
depthUpdate,btcusdt@depth5,1662123507546,1662123507540,20289.90,20290.00
depthUpdate,btcusdt@depth5,1662123507797,1662123507791,20289.90,20290.00
depthUpdate,btcusdt@depth5,1662123508048,1662123508040,20289.90,20290.00
depthUpdate,btcusdt@depth5,1662123508298,1662123508293,20289.90,20290.00
depthUpdate,btcusdt@depth5,1662123508549,1662123508544,20289.90,20290.00
depthUpdate,btcusdt@depth5,1662123508800,1662123508794,20291.30,20291.40
depthUpdate,btcusdt@depth5,1662123509050,1662123509044,20291.90,20292.00
depthUpdate,btcusdt@depth5,1662123509301,1662123509296,20291.90,20292.00
depthUpdate,btcusdt@depth5,1662123509551,1662123509546,20290.10,20290.20
depthUpdate,btcusdt@depth5,1662123509802,1662123509797,20289.90,20290.00
depthUpdate,btcusdt@depth5,1662123510055,1662123510049,20288.80,20288.90
depthUpdate,btcusdt@depth5,1662123510306,1662123510301,20288.80,20288.90
depthUpdate,btcusdt@depth5,1662123510559,1662123510550,20288.00,20288.10
depthUpdate,btcusdt@depth5,1662123510809,1662123510803,20288.00,20288.10
depthUpdate,btcusdt@depth5,1662123511060,1662123511023,20283.60,20283.70
depthUpdate,btcusdt@depth5,1662123511311,1662123511305,20283.60,20283.70
depthUpdate,btcusdt@depth5,1662123511564,1662123511559,20283.60,20283.70
depthUpdate,btcusdt@depth5,1662123511814,1662123511811,20283.60,20283.70
depthUpdate,btcusdt@depth5,1662123512067,1662123512061,20283.60,20283.70
depthUpdate,btcusdt@depth5,1662123512317,1662123512312,20283.60,20283.70
depthUpdate,btcusdt@depth5,1662123512567,1662123512562,20280.80,20280.90
depthUpdate,btcusdt@depth5,1662123512819,1662123512813,20280.80,20280.90
depthUpdate,btcusdt@depth5,1662123513069,1662123513062,20280.80,20280.90
depthUpdate,btcusdt@depth5,1662123513319,1662123513314,20282.60,20282.70
depthUpdate,btcusdt@depth5,1662123513570,1662123513565,20282.60,20282.70
depthUpdate,btcusdt@depth5,1662123513821,1662123513814,20282.60,20282.70
depthUpdate,btcusdt@depth5,1662123514071,1662123514066,20282.60,20282.70
depthUpdate,btcusdt@depth5,1662123514324,1662123514317,20282.60,20282.70
depthUpdate,btcusdt@depth5,1662123514574,1662123514570,20282.60,20282.70
depthUpdate,btcusdt@depth5,1662123514826,1662123514821,20282.60,20282.70
depthUpdate,btcusdt@depth5,1662123515078,1662123515071,20282.60,20282.70
depthUpdate,btcusdt@depth5,1662123515330,1662123515324,20282.60,20282.70
depthUpdate,btcusdt@depth5,1662123515580,1662123515573,20282.60,20282.70
depthUpdate,btcusdt@depth5,1662123515831,1662123515826,20282.60,20282.70
depthUpdate,btcusdt@depth5,1662123516081,1662123516074,20283.50,20283.60
depthUpdate,btcusdt@depth5,1662123516332,1662123516326,20283.50,20283.60
depthUpdate,btcusdt@depth5,1662123516583,1662123516578,20283.50,20283.60
depthUpdate,btcusdt@depth5,1662123516833,1662123516828,20283.50,20283.60
depthUpdate,btcusdt@depth5,1662123517084,1662123517077,20283.50,20283.60
depthUpdate,btcusdt@depth5,1662123517334,1662123517329,20283.50,20283.60
depthUpdate,btcusdt@depth5,1662123517584,1662123517580,20283.50,20283.60
depthUpdate,btcusdt@depth5,1662123517835,1662123517831,20284.80,20284.90
depthUpdate,btcusdt@depth5,1662123518086,1662123518080,20284.80,20284.90
depthUpdate,btcusdt@depth5,1662123518336,1662123518330,20284.80,20284.90
depthUpdate,btcusdt@depth5,1662123518587,1662123518581,20284.80,20284.90
depthUpdate,btcusdt@depth5,1662123518837,1662123518832,20283.30,20283.40
depthUpdate,btcusdt@depth5,1662123519087,1662123519080,20283.30,20283.40
depthUpdate,btcusdt@depth5,1662123519338,1662123519333,20283.30,20283.40
depthUpdate,btcusdt@depth5,1662123519589,1662123519583,20283.30,20283.40
depthUpdate,btcusdt@depth5,1662123519839,1662123519834,20281.30,20281.40
depthUpdate,btcusdt@depth5,1662123520090,1662123520083,20281.30,20281.40
depthUpdate,btcusdt@depth5,1662123520342,1662123520336,20282.30,20282.40
depthUpdate,btcusdt@depth5,1662123520592,1662123520581,20282.50,20282.70
depthUpdate,btcusdt@depth5,1662123520842,1662123520836,20282.60,20282.70
depthUpdate,btcusdt@depth5,1662123521092,1662123521088,20282.60,20282.70
depthUpdate,btcusdt@depth5,1662123521345,1662123521338,20282.60,20282.70
depthUpdate,btcusdt@depth5,1662123521595,1662123521590,20282.60,20282.70
depthUpdate,btcusdt@depth5,1662123521848,1662123521844,20282.60,20282.70
depthUpdate,btcusdt@depth5,1662123522099,1662123522094,20282.60,20282.70
depthUpdate,btcusdt@depth5,1662123522350,1662123522345,20282.60,20282.70
depthUpdate,btcusdt@depth5,1662123522601,1662123522596,20283.30,20283.40
depthUpdate,btcusdt@depth5,1662123522852,1662123522846,20283.30,20283.40
depthUpdate,btcusdt@depth5,1662123523102,1662123523096,20283.30,20283.40
depthUpdate,btcusdt@depth5,1662123523353,1662123523349,20283.30,20283.40
depthUpdate,btcusdt@depth5,1662123523603,1662123523594,20283.30,20283.40
depthUpdate,btcusdt@depth5,1662123523853,1662123523847,20283.30,20283.40
depthUpdate,btcusdt@depth5,1662123524106,1662123524100,20283.30,20283.40
depthUpdate,btcusdt@depth5,1662123524357,1662123524352,20283.30,20283.40
depthUpdate,btcusdt@depth5,1662123524607,1662123524603,20283.30,20283.40
depthUpdate,btcusdt@depth5,1662123524859,1662123524853,20283.30,20283.40
depthUpdate,btcusdt@depth5,1662123525110,1662123525106,20283.30,20283.40
depthUpdate,btcusdt@depth5,1662123525362,1662123525357,20283.30,20283.40
depthUpdate,btcusdt@depth5,1662123525613,1662123525609,20283.30,20283.40
depthUpdate,btcusdt@depth5,1662123525863,1662123525857,20283.30,20283.40
depthUpdate,btcusdt@depth5,1662123526113,1662123526107,20282.00,20282.10
depthUpdate,btcusdt@depth5,1662123526363,1662123526358,20281.40,20281.50
depthUpdate,btcusdt@depth5,1662123526614,1662123526607,20280.80,20280.90
depthUpdate,btcusdt@depth5,1662123526864,1662123526859,20280.80,20280.90
depthUpdate,btcusdt@depth5,1662123527114,1662123527107,20280.80,20280.90
depthUpdate,btcusdt@depth5,1662123527365,1662123527357,20280.80,20280.90
depthUpdate,btcusdt@depth5,1662123527616,1662123527608,20280.80,20280.90
depthUpdate,btcusdt@depth5,1662123527866,1662123527860,20280.80,20280.90
depthUpdate,btcusdt@depth5,1662123528116,1662123528110,20279.40,20279.50
depthUpdate,btcusdt@depth5,1662123528366,1662123528362,20279.30,20279.40
depthUpdate,btcusdt@depth5,1662123528617,1662123528608,20278.00,20278.10
depthUpdate,btcusdt@depth5,1662123528867,1662123528862,20278.00,20278.10
depthUpdate,btcusdt@depth5,1662123529119,1662123529115,20278.00,20278.10
depthUpdate,btcusdt@depth5,1662123529369,1662123529364,20275.70,20275.80
depthUpdate,btcusdt@depth5,1662123529619,1662123529614,20275.30,20275.40
depthUpdate,btcusdt@depth5,1662123529870,1662123529865,20275.30,20275.40
depthUpdate,btcusdt@depth5,1662123530121,1662123530117,20275.30,20275.40
depthUpdate,btcusdt@depth5,1662123530372,1662123530368,20275.30,20275.40
depthUpdate,btcusdt@depth5,1662123530623,1662123530616,20272.80,20272.90
depthUpdate,btcusdt@depth5,1662123530873,1662123530867,20272.30,20272.40
depthUpdate,btcusdt@depth5,1662123531124,1662123531118,20272.30,20272.40
depthUpdate,btcusdt@depth5,1662123531374,1662123531369,20272.30,20272.40
depthUpdate,btcusdt@depth5,1662123531624,1662123531620,20272.30,20272.40
depthUpdate,btcusdt@depth5,1662123531875,1662123531868,20272.30,20272.40
depthUpdate,btcusdt@depth5,1662123532126,1662123532122,20272.40,20272.50
depthUpdate,btcusdt@depth5,1662123532378,1662123532372,20272.40,20272.50
depthUpdate,btcusdt@depth5,1662123532629,1662123532624,20272.40,20272.50
depthUpdate,btcusdt@depth5,1662123532880,1662123532874,20272.40,20272.50
depthUpdate,btcusdt@depth5,1662123533131,1662123533125,20272.40,20272.50
depthUpdate,btcusdt@depth5,1662123533381,1662123533376,20271.00,20271.10
depthUpdate,btcusdt@depth5,1662123533632,1662123533629,20271.00,20271.10
depthUpdate,btcusdt@depth5,1662123533883,1662123533879,20271.00,20271.10
depthUpdate,btcusdt@depth5,1662123534134,1662123534129,20271.00,20271.10
depthUpdate,btcusdt@depth5,1662123534385,1662123534380,20271.00,20271.10
depthUpdate,btcusdt@depth5,1662123534636,1662123534631,20271.00,20271.10
depthUpdate,btcusdt@depth5,1662123534887,1662123534881,20271.00,20271.10
depthUpdate,btcusdt@depth5,1662123535138,1662123535131,20269.90,20270.00
depthUpdate,btcusdt@depth5,1662123535389,1662123535374,20269.50,20269.60
depthUpdate,btcusdt@depth5,1662123535639,1662123535633,20269.50,20269.60
depthUpdate,btcusdt@depth5,1662123535889,1662123535883,20269.40,20269.50
depthUpdate,btcusdt@depth5,1662123536139,1662123536134,20269.00,20269.10
depthUpdate,btcusdt@depth5,1662123536390,1662123536383,20269.00,20269.10
depthUpdate,btcusdt@depth5,1662123536640,1662123536634,20269.00,20269.10
depthUpdate,btcusdt@depth5,1662123536890,1662123536883,20267.20,20267.30
depthUpdate,btcusdt@depth5,1662123537141,1662123537135,20267.20,20267.30
depthUpdate,btcusdt@depth5,1662123537395,1662123537389,20265.90,20266.00
depthUpdate,btcusdt@depth5,1662123537645,1662123537638,20265.90,20266.00
depthUpdate,btcusdt@depth5,1662123537895,1662123537888,20265.70,20265.80
depthUpdate,btcusdt@depth5,1662123538146,1662123538141,20268.10,20268.20
depthUpdate,btcusdt@depth5,1662123538401,1662123538396,20268.10,20268.20
depthUpdate,btcusdt@depth5,1662123538652,1662123538645,20268.10,20268.20
depthUpdate,btcusdt@depth5,1662123538905,1662123538900,20268.10,20268.20
depthUpdate,btcusdt@depth5,1662123539156,1662123539152,20268.10,20268.20
depthUpdate,btcusdt@depth5,1662123539407,1662123539401,20268.10,20268.20
depthUpdate,btcusdt@depth5,1662123539657,1662123539651,20268.10,20268.20
depthUpdate,btcusdt@depth5,1662123539907,1662123539901,20268.10,20268.20
depthUpdate,btcusdt@depth5,1662123540158,1662123540153,20268.20,20268.30
depthUpdate,btcusdt@depth5,1662123540411,1662123540406,20268.20,20268.30
depthUpdate,btcusdt@depth5,1662123540661,1662123540655,20268.20,20268.30
depthUpdate,btcusdt@depth5,1662123540912,1662123540906,20269.60,20269.70
depthUpdate,btcusdt@depth5,1662123541162,1662123541157,20269.90,20270.00
depthUpdate,btcusdt@depth5,1662123541412,1662123541406,20269.90,20270.00
depthUpdate,btcusdt@depth5,1662123541662,1662123541657,20269.90,20270.00
depthUpdate,btcusdt@depth5,1662123541913,1662123541905,20269.90,20270.00
depthUpdate,btcusdt@depth5,1662123542163,1662123542150,20269.90,20270.00
depthUpdate,btcusdt@depth5,1662123542414,1662123542404,20271.70,20271.80
depthUpdate,btcusdt@depth5,1662123542665,1662123542661,20274.00,20274.10
depthUpdate,btcusdt@depth5,1662123542915,1662123542910,20274.00,20274.10
depthUpdate,btcusdt@depth5,1662123543165,1662123543158,20274.00,20274.10
depthUpdate,btcusdt@depth5,1662123543416,1662123543411,20274.00,20274.10
depthUpdate,btcusdt@depth5,1662123543666,1662123543659,20274.00,20274.10
depthUpdate,btcusdt@depth5,1662123543916,1662123543909,20274.00,20274.10
depthUpdate,btcusdt@depth5,1662123544167,1662123544162,20274.00,20274.10
depthUpdate,btcusdt@depth5,1662123544421,1662123544414,20274.00,20274.10
depthUpdate,btcusdt@depth5,1662123544671,1662123544662,20274.00,20274.10
depthUpdate,btcusdt@depth5,1662123544921,1662123544914,20274.90,20275.00
depthUpdate,btcusdt@depth5,1662123545171,1662123545165,20275.20,20275.30
depthUpdate,btcusdt@depth5,1662123545421,1662123545416,20277.70,20277.80
depthUpdate,btcusdt@depth5,1662123545671,1662123545665,20277.70,20277.80
depthUpdate,btcusdt@depth5,1662123545922,1662123545916,20278.10,20278.20
depthUpdate,btcusdt@depth5,1662123546172,1662123546166,20278.90,20279.00
depthUpdate,btcusdt@depth5,1662123546422,1662123546416,20279.30,20279.40
depthUpdate,btcusdt@depth5,1662123546673,1662123546668,20279.30,20279.40
depthUpdate,btcusdt@depth5,1662123546924,1662123546918,20279.30,20279.40
depthUpdate,btcusdt@depth5,1662123547175,1662123547170,20279.30,20279.40
depthUpdate,btcusdt@depth5,1662123547426,1662123547420,20279.30,20279.40
depthUpdate,btcusdt@depth5,1662123547677,1662123547670,20279.30,20279.40
depthUpdate,btcusdt@depth5,1662123547927,1662123547920,20279.30,20279.40
depthUpdate,btcusdt@depth5,1662123548178,1662123548173,20279.30,20279.40
depthUpdate,btcusdt@depth5,1662123548429,1662123548424,20277.40,20277.50
depthUpdate,btcusdt@depth5,1662123548679,1662123548673,20277.40,20277.50
depthUpdate,btcusdt@depth5,1662123548929,1662123548925,20277.40,20277.50
depthUpdate,btcusdt@depth5,1662123549180,1662123549173,20277.40,20277.50
depthUpdate,btcusdt@depth5,1662123549431,1662123549425,20277.40,20277.50
depthUpdate,btcusdt@depth5,1662123549682,1662123549677,20275.70,20275.80
depthUpdate,btcusdt@depth5,1662123549932,1662123549927,20275.40,20275.50
depthUpdate,btcusdt@depth5,1662123550182,1662123550176,20274.10,20274.20
depthUpdate,btcusdt@depth5,1662123550432,1662123550426,20274.10,20274.20
depthUpdate,btcusdt@depth5,1662123550682,1662123550676,20274.10,20274.20
depthUpdate,btcusdt@depth5,1662123550932,1662123550925,20274.10,20274.20
depthUpdate,btcusdt@depth5,1662123551182,1662123551177,20274.10,20274.20
depthUpdate,btcusdt@depth5,1662123551432,1662123551424,20274.10,20274.20
depthUpdate,btcusdt@depth5,1662123551683,1662123551674,20274.10,20274.20
depthUpdate,btcusdt@depth5,1662123551934,1662123551930,20274.10,20274.20
depthUpdate,btcusdt@depth5,1662123552186,1662123552180,20274.40,20274.50
depthUpdate,btcusdt@depth5,1662123552436,1662123552432,20276.80,20276.90
depthUpdate,btcusdt@depth5,1662123552687,1662123552682,20277.40,20277.50
depthUpdate,btcusdt@depth5,1662123552938,1662123552933,20277.40,20277.50
depthUpdate,btcusdt@depth5,1662123553191,1662123553185,20277.40,20277.50
depthUpdate,btcusdt@depth5,1662123553444,1662123553435,20277.40,20277.50
depthUpdate,btcusdt@depth5,1662123553694,1662123553687,20277.40,20277.50
depthUpdate,btcusdt@depth5,1662123553945,1662123553938,20277.40,20277.50
depthUpdate,btcusdt@depth5,1662123554195,1662123554189,20277.40,20277.50
depthUpdate,btcusdt@depth5,1662123554446,1662123554441,20277.40,20277.50
depthUpdate,btcusdt@depth5,1662123554699,1662123554693,20277.40,20277.50
depthUpdate,btcusdt@depth5,1662123554951,1662123554945,20277.40,20277.50
depthUpdate,btcusdt@depth5,1662123555201,1662123555196,20277.90,20278.00
depthUpdate,btcusdt@depth5,1662123555451,1662123555444,20277.90,20278.00
