eventType,stream,eventTime,transactionTime,bestBidPrice,bestAskPrice
depthUpdate,ethusdt@depth5,1662123212439,1662123212433,1620.96,1620.97
depthUpdate,ethusdt@depth5,1662123212691,1662123212684,1620.96,1620.97
depthUpdate,ethusdt@depth5,1662123212941,1662123212935,1620.96,1620.97
depthUpdate,ethusdt@depth5,1662123213191,1662123213184,1620.96,1620.97
depthUpdate,ethusdt@depth5,1662123213441,1662123213435,1621.12,1621.13
depthUpdate,ethusdt@depth5,1662123213691,1662123213686,1621.12,1621.13
depthUpdate,ethusdt@depth5,1662123213942,1662123213937,1620.84,1620.85
depthUpdate,ethusdt@depth5,1662123214192,1662123214185,1620.90,1620.91
depthUpdate,ethusdt@depth5,1662123214444,1662123214438,1620.96,1620.97
depthUpdate,ethusdt@depth5,1662123214694,1662123214687,1621.23,1621.24
depthUpdate,ethusdt@depth5,1662123214945,1662123214938,1621.23,1621.24
depthUpdate,ethusdt@depth5,1662123215196,1662123215181,1621.46,1621.47
depthUpdate,ethusdt@depth5,1662123215447,1662123215441,1621.46,1621.47
depthUpdate,ethusdt@depth5,1662123215697,1662123215692,1621.46,1621.47
depthUpdate,ethusdt@depth5,1662123215948,1662123215944,1620.92,1620.93
depthUpdate,ethusdt@depth5,1662123216199,1662123216193,1621.07,1621.08
depthUpdate,ethusdt@depth5,1662123216449,1662123216443,1621.06,1621.07
depthUpdate,ethusdt@depth5,1662123216699,1662123216694,1621.47,1621.48
depthUpdate,ethusdt@depth5,1662123216950,1662123216945,1621.16,1621.17
depthUpdate,ethusdt@depth5,1662123217201,1662123217196,1621.30,1621.31
depthUpdate,ethusdt@depth5,1662123217451,1662123217444,1621.30,1621.31
depthUpdate,ethusdt@depth5,1662123217702,1662123217697,1621.11,1621.12
depthUpdate,ethusdt@depth5,1662123217952,1662123217946,1621.43,1621.44
depthUpdate,ethusdt@depth5,1662123218203,1662123218198,1621.24,1621.26
depthUpdate,ethusdt@depth5,1662123218454,1662123218448,1621.22,1621.23
depthUpdate,ethusdt@depth5,1662123218706,1662123218701,1621.22,1621.23
depthUpdate,ethusdt@depth5,1662123218957,1662123218947,1621.61,1621.62
depthUpdate,ethusdt@depth5,1662123219207,1662123219199,1621.57,1621.58
depthUpdate,ethusdt@depth5,1662123219457,1662123219452,1621.47,1621.48
depthUpdate,ethusdt@depth5,1662123219708,1662123219700,1621.79,1621.80
depthUpdate,ethusdt@depth5,1662123219958,1662123219949,1621.49,1621.85
depthUpdate,ethusdt@depth5,1662123220221,1662123220204,1621.52,1621.53
depthUpdate,ethusdt@depth5,1662123220486,1662123220479,1621.43,1621.50
depthUpdate,ethusdt@depth5,1662123220736,1662123220725,1621.31,1621.38
depthUpdate,ethusdt@depth5,1662123220986,1662123220977,1621.20,1621.22
depthUpdate,ethusdt@depth5,1662123221239,1662123221230,1621.04,1621.07
depthUpdate,ethusdt@depth5,1662123221489,1662123221463,1620.87,1620.88
depthUpdate,ethusdt@depth5,1662123221739,1662123221734,1620.87,1620.88
depthUpdate,ethusdt@depth5,1662123221991,1662123221985,1620.87,1620.88
depthUpdate,ethusdt@depth5,1662123222241,1662123222233,1620.87,1620.88
depthUpdate,ethusdt@depth5,1662123222491,1662123222487,1620.50,1620.51
depthUpdate,ethusdt@depth5,1662123222743,1662123222739,1620.50,1620.51
depthUpdate,ethusdt@depth5,1662123222994,1662123222989,1620.50,1620.51
depthUpdate,ethusdt@depth5,1662123223245,1662123223240,1620.40,1620.41
depthUpdate,ethusdt@depth5,1662123223496,1662123223490,1620.24,1620.25
depthUpdate,ethusdt@depth5,1662123223750,1662123223745,1620.40,1620.41
depthUpdate,ethusdt@depth5,1662123224000,1662123223995,1620.40,1620.41
depthUpdate,ethusdt@depth5,1662123224251,1662123224245,1620.25,1620.26
depthUpdate,ethusdt@depth5,1662123224501,1662123224495,1620.25,1620.26
depthUpdate,ethusdt@depth5,1662123224751,1662123224729,1619.59,1619.60
depthUpdate,ethusdt@depth5,1662123225003,1662123224997,1619.46,1619.47
depthUpdate,ethusdt@depth5,1662123225253,1662123225248,1619.72,1619.73
depthUpdate,ethusdt@depth5,1662123225504,1662123225499,1619.89,1619.98
depthUpdate,ethusdt@depth5,1662123225754,1662123225748,1620.14,1620.15
depthUpdate,ethusdt@depth5,1662123226004,1662123225997,1620.14,1620.15
depthUpdate,ethusdt@depth5,1662123226254,1662123226247,1620.14,1620.15
depthUpdate,ethusdt@depth5,1662123226504,1662123226498,1620.31,1620.32
depthUpdate,ethusdt@depth5,1662123226754,1662123226749,1620.31,1620.32
depthUpdate,ethusdt@depth5,1662123227005,1662123227000,1620.23,1620.24
depthUpdate,ethusdt@depth5,1662123227255,1662123227249,1620.06,1620.07
depthUpdate,ethusdt@depth5,1662123227506,1662123227500,1620.06,1620.07
depthUpdate,ethusdt@depth5,1662123227757,1662123227751,1620.06,1620.07
depthUpdate,ethusdt@depth5,1662123228008,1662123228002,1620.06,1620.07
depthUpdate,ethusdt@depth5,1662123228258,1662123228254,1620.06,1620.07
depthUpdate,ethusdt@depth5,1662123228509,1662123228503,1620.22,1620.23
depthUpdate,ethusdt@depth5,1662123228759,1662123228754,1620.22,1620.23
depthUpdate,ethusdt@depth5,1662123229012,1662123229006,1620.22,1620.23
depthUpdate,ethusdt@depth5,1662123229264,1662123229258,1620.22,1620.23
depthUpdate,ethusdt@depth5,1662123229514,1662123229485,1620.47,1620.48
depthUpdate,ethusdt@depth5,1662123229764,1662123229759,1620.47,1620.48
depthUpdate,ethusdt@depth5,1662123230015,1662123230009,1620.47,1620.48
depthUpdate,ethusdt@depth5,1662123230268,1662123230265,1620.53,1620.54
depthUpdate,ethusdt@depth5,1662123230522,1662123230517,1620.53,1620.54
depthUpdate,ethusdt@depth5,1662123230772,1662123230766,1620.53,1620.54
depthUpdate,ethusdt@depth5,1662123231022,1662123231017,1620.61,1620.62
depthUpdate,ethusdt@depth5,1662123231273,1662123231267,1620.61,1620.62
depthUpdate,ethusdt@depth5,1662123231524,1662123231518,1620.61,1620.62
depthUpdate,ethusdt@depth5,1662123231774,1662123231761,1620.87,1620.88
depthUpdate,ethusdt@depth5,1662123232024,1662123232017,1620.89,1620.90
depthUpdate,ethusdt@depth5,1662123232276,1662123232272,1620.62,1620.63
depthUpdate,ethusdt@depth5,1662123232527,1662123232522,1620.70,1620.71
depthUpdate,ethusdt@depth5,1662123232778,1662123232772,1620.74,1620.75
depthUpdate,ethusdt@depth5,1662123233028,1662123233022,1620.60,1620.61
depthUpdate,ethusdt@depth5,1662123233278,1662123233272,1620.47,1620.48
depthUpdate,ethusdt@depth5,1662123233528,1662123233521,1620.20,1620.21
depthUpdate,ethusdt@depth5,1662123233778,1662123233771,1620.15,1620.16
depthUpdate,ethusdt@depth5,1662123234028,1662123234021,1620.15,1620.16
depthUpdate,ethusdt@depth5,1662123234278,1662123234274,1620.15,1620.16
depthUpdate,ethusdt@depth5,1662123234530,1662123234525,1620.15,1620.16
depthUpdate,ethusdt@depth5,1662123234781,1662123234775,1620.20,1620.21
depthUpdate,ethusdt@depth5,1662123235033,1662123235028,1620.40,1620.41
depthUpdate,ethusdt@depth5,1662123235284,1662123235278,1620.40,1620.41
depthUpdate,ethusdt@depth5,1662123235534,1662123235523,1620.49,1620.59
depthUpdate,ethusdt@depth5,1662123235785,1662123235780,1620.94,1620.95
depthUpdate,ethusdt@depth5,1662123236035,1662123236029,1620.95,1620.96
depthUpdate,ethusdt@depth5,1662123236285,1662123236281,1620.95,1620.96
depthUpdate,ethusdt@depth5,1662123236536,1662123236532,1620.96,1620.97
depthUpdate,ethusdt@depth5,1662123236787,1662123236782,1621.24,1621.25
depthUpdate,ethusdt@depth5,1662123237037,1662123237031,1621.24,1621.25
depthUpdate,ethusdt@depth5,1662123237288,1662123237280,1621.24,1621.25
depthUpdate,ethusdt@depth5,1662123237538,1662123237533,1620.96,1620.97
depthUpdate,ethusdt@depth5,1662123237789,1662123237785,1620.96,1620.97
depthUpdate,ethusdt@depth5,1662123238040,1662123238035,1621.09,1621.10
depthUpdate,ethusdt@depth5,1662123238291,1662123238286,1620.97,1620.98
depthUpdate,ethusdt@depth5,1662123238542,1662123238536,1620.97,1620.98
depthUpdate,ethusdt@depth5,1662123238792,1662123238787,1621.16,1621.17
depthUpdate,ethusdt@depth5,1662123239042,1662123239036,1621.19,1621.20
depthUpdate,ethusdt@depth5,1662123239293,1662123239289,1621.19,1621.20
depthUpdate,ethusdt@depth5,1662123239543,1662123239535,1621.19,1621.20
depthUpdate,ethusdt@depth5,1662123239793,1662123239788,1621.19,1621.20
depthUpdate,ethusdt@depth5,1662123240045,1662123240039,1621.19,1621.20
depthUpdate,ethusdt@depth5,1662123240295,1662123240287,1621.19,1621.20
depthUpdate,ethusdt@depth5,1662123240545,1662123240539,1621.19,1621.20
depthUpdate,ethusdt@depth5,1662123240795,1662123240789,1621.19,1621.20
depthUpdate,ethusdt@depth5,1662123241046,1662123241041,1621.01,1621.02
depthUpdate,ethusdt@depth5,1662123241296,1662123241291,1620.83,1620.84
depthUpdate,ethusdt@depth5,1662123241546,1662123241542,1620.98,1620.99
depthUpdate,ethusdt@depth5,1662123241797,1662123241787,1621.42,1621.43
depthUpdate,ethusdt@depth5,1662123242047,1662123242042,1621.59,1621.60
depthUpdate,ethusdt@depth5,1662123242297,1662123242290,1621.74,1621.75
depthUpdate,ethusdt@depth5,1662123242547,1662123242541,1621.74,1621.75
depthUpdate,ethusdt@depth5,1662123242800,1662123242792,1621.74,1621.75
depthUpdate,ethusdt@depth5,1662123243050,1662123243032,1621.58,1621.59
depthUpdate,ethusdt@depth5,1662123243300,1662123243262,1621.75,1621.76
depthUpdate,ethusdt@depth5,1662123243552,1662123243545,1621.97,1621.98
depthUpdate,ethusdt@depth5,1662123243803,1662123243797,1621.98,1621.99
depthUpdate,ethusdt@depth5,1662123244053,1662123244045,1621.98,1621.99
depthUpdate,ethusdt@depth5,1662123244303,1662123244297,1621.98,1621.99
depthUpdate,ethusdt@depth5,1662123244553,1662123244547,1621.98,1621.99
depthUpdate,ethusdt@depth5,1662123244803,1662123244797,1621.98,1621.99
depthUpdate,ethusdt@depth5,1662123245053,1662123245047,1621.98,1621.99
depthUpdate,ethusdt@depth5,1662123245303,1662123245298,1621.98,1621.99
depthUpdate,ethusdt@depth5,1662123245553,1662123245546,1621.98,1621.99
depthUpdate,ethusdt@depth5,1662123245803,1662123245796,1621.99,1622.00
depthUpdate,ethusdt@depth5,1662123246053,1662123246047,1621.79,1621.80
depthUpdate,ethusdt@depth5,1662123246303,1662123246293,1621.51,1621.52
depthUpdate,ethusdt@depth5,1662123246553,1662123246547,1621.14,1621.15
depthUpdate,ethusdt@depth5,1662123246804,1662123246798,1621.01,1621.02
depthUpdate,ethusdt@depth5,1662123247054,1662123247049,1621.00,1621.01
depthUpdate,ethusdt@depth5,1662123247304,1662123247297,1621.00,1621.01
depthUpdate,ethusdt@depth5,1662123247554,1662123247549,1621.25,1621.26
depthUpdate,ethusdt@depth5,1662123247807,1662123247802,1621.11,1621.12
depthUpdate,ethusdt@depth5,1662123248057,1662123248051,1621.16,1621.17
depthUpdate,ethusdt@depth5,1662123248308,1662123248302,1621.37,1621.38
depthUpdate,ethusdt@depth5,1662123248559,1662123248553,1621.01,1621.02
depthUpdate,ethusdt@depth5,1662123248809,1662123248802,1621.01,1621.02
depthUpdate,ethusdt@depth5,1662123249059,1662123249056,1621.11,1621.12
depthUpdate,ethusdt@depth5,1662123249310,1662123249302,1621.11,1621.12
depthUpdate,ethusdt@depth5,1662123249560,1662123249554,1620.63,1620.64
depthUpdate,ethusdt@depth5,1662123249810,1662123249805,1620.42,1620.43
depthUpdate,ethusdt@depth5,1662123250060,1662123250054,1620.69,1620.71
depthUpdate,ethusdt@depth5,1662123250310,1662123250306,1620.90,1620.91
depthUpdate,ethusdt@depth5,1662123250560,1662123250554,1620.90,1620.91
depthUpdate,ethusdt@depth5,1662123250811,1662123250804,1620.90,1620.91
depthUpdate,ethusdt@depth5,1662123251062,1662123251054,1620.90,1620.91
depthUpdate,ethusdt@depth5,1662123251312,1662123251308,1621.18,1621.19
depthUpdate,ethusdt@depth5,1662123251565,1662123251560,1620.90,1620.91
depthUpdate,ethusdt@depth5,1662123251816,1662123251811,1620.90,1620.91
depthUpdate,ethusdt@depth5,1662123252069,1662123252062,1620.90,1620.91
depthUpdate,ethusdt@depth5,1662123252319,1662123252314,1621.24,1621.25
depthUpdate,ethusdt@depth5,1662123252570,1662123252565,1621.24,1621.25
depthUpdate,ethusdt@depth5,1662123252821,1662123252815,1621.37,1621.38
depthUpdate,ethusdt@depth5,1662123253071,1662123253064,1621.37,1621.38
depthUpdate,ethusdt@depth5,1662123253322,1662123253317,1621.20,1621.21
depthUpdate,ethusdt@depth5,1662123253572,1662123253566,1620.90,1620.91
depthUpdate,ethusdt@depth5,1662123253822,1662123253817,1620.90,1620.91
depthUpdate,ethusdt@depth5,1662123254073,1662123254068,1620.90,1620.91
depthUpdate,ethusdt@depth5,1662123254324,1662123254318,1620.86,1620.87
depthUpdate,ethusdt@depth5,1662123254574,1662123254569,1620.86,1620.87
depthUpdate,ethusdt@depth5,1662123254824,1662123254818,1620.86,1620.87
depthUpdate,ethusdt@depth5,1662123255074,1662123255070,1621.23,1621.24
depthUpdate,ethusdt@depth5,1662123255324,1662123255319,1621.49,1621.50
depthUpdate,ethusdt@depth5,1662123255574,1662123255570,1621.58,1621.59
depthUpdate,ethusdt@depth5,1662123255824,1662123255819,1621.68,1621.69
depthUpdate,ethusdt@depth5,1662123256074,1662123256069,1621.73,1621.74
depthUpdate,ethusdt@depth5,1662123256324,1662123256318,1621.04,1621.05
depthUpdate,ethusdt@depth5,1662123256574,1662123256567,1621.31,1621.32
depthUpdate,ethusdt@depth5,1662123256826,1662123256821,1621.40,1621.41
depthUpdate,ethusdt@depth5,1662123257076,1662123257070,1621.31,1621.32
depthUpdate,ethusdt@depth5,1662123257327,1662123257322,1621.31,1621.32
depthUpdate,ethusdt@depth5,1662123257579,1662123257573,1621.16,1621.17
depthUpdate,ethusdt@depth5,1662123257830,1662123257826,1621.35,1621.36
depthUpdate,ethusdt@depth5,1662123258081,1662123258076,1621.40,1621.41
depthUpdate,ethusdt@depth5,1662123258331,1662123258324,1621.27,1621.28
depthUpdate,ethusdt@depth5,1662123258581,1662123258575,1621.16,1621.17
depthUpdate,ethusdt@depth5,1662123258831,1662123258826,1621.02,1621.04
depthUpdate,ethusdt@depth5,1662123259082,1662123259076,1620.91,1620.92
depthUpdate,ethusdt@depth5,1662123259332,1662123259326,1620.91,1620.92
depthUpdate,ethusdt@depth5,1662123259582,1662123259576,1620.91,1620.92
depthUpdate,ethusdt@depth5,1662123259833,1662123259828,1620.91,1620.92
depthUpdate,ethusdt@depth5,1662123260084,1662123260078,1620.91,1620.92
depthUpdate,ethusdt@depth5,1662123260334,1662123260328,1620.91,1620.92
depthUpdate,ethusdt@depth5,1662123260585,1662123260579,1620.65,1620.66
depthUpdate,ethusdt@depth5,1662123260836,1662123260832,1620.30,1620.31
depthUpdate,ethusdt@depth5,1662123261086,1662123261081,1620.18,1620.19
depthUpdate,ethusdt@depth5,1662123261336,1662123261331,1620.15,1620.16
depthUpdate,ethusdt@depth5,1662123261588,1662123261581,1620.15,1620.16
depthUpdate,ethusdt@depth5,1662123261838,1662123261831,1619.81,1619.82
depthUpdate,ethusdt@depth5,1662123262089,1662123262083,1619.91,1619.92
depthUpdate,ethusdt@depth5,1662123262339,1662123262334,1619.77,1619.78
depthUpdate,ethusdt@depth5,1662123262590,1662123262583,1619.78,1619.79
depthUpdate,ethusdt@depth5,1662123262841,1662123262835,1619.52,1619.53
depthUpdate,ethusdt@depth5,1662123263091,1662123263085,1619.52,1619.53
depthUpdate,ethusdt@depth5,1662123263341,1662123263335,1619.64,1619.65
depthUpdate,ethusdt@depth5,1662123263591,1662123263585,1619.64,1619.65
depthUpdate,ethusdt@depth5,1662123263841,1662123263835,1619.74,1619.75
depthUpdate,ethusdt@depth5,1662123264091,1662123264084,1619.74,1619.75
depthUpdate,ethusdt@depth5,1662123264341,1662123264336,1619.64,1619.65
depthUpdate,ethusdt@depth5,1662123264592,1662123264587,1619.64,1619.65
depthUpdate,ethusdt@depth5,1662123264842,1662123264838,1619.78,1619.79
depthUpdate,ethusdt@depth5,1662123265092,1662123265087,1619.69,1619.70
depthUpdate,ethusdt@depth5,1662123265345,1662123265339,1619.69,1619.70
depthUpdate,ethusdt@depth5,1662123265595,1662123265589,1619.52,1619.53
depthUpdate,ethusdt@depth5,1662123265845,1662123265840,1619.52,1619.53
depthUpdate,ethusdt@depth5,1662123266095,1662123266091,1619.52,1619.53
depthUpdate,ethusdt@depth5,1662123266346,1662123266340,1619.52,1619.53
depthUpdate,ethusdt@depth5,1662123266597,1662123266592,1619.50,1619.51
depthUpdate,ethusdt@depth5,1662123266847,1662123266842,1619.33,1619.34
depthUpdate,ethusdt@depth5,1662123267099,1662123267095,1619.41,1619.42
depthUpdate,ethusdt@depth5,1662123267349,1662123267342,1619.63,1619.64
depthUpdate,ethusdt@depth5,1662123267599,1662123267593,1619.65,1619.66
depthUpdate,ethusdt@depth5,1662123267849,1662123267842,1619.65,1619.66
depthUpdate,ethusdt@depth5,1662123268101,1662123268096,1619.65,1619.66
depthUpdate,ethusdt@depth5,1662123268352,1662123268345,1619.89,1619.90
depthUpdate,ethusdt@depth5,1662123268602,1662123268595,1620.07,1620.08
depthUpdate,ethusdt@depth5,1662123268852,1662123268846,1619.85,1619.86
depthUpdate,ethusdt@depth5,1662123269103,1662123269097,1619.72,1619.73
depthUpdate,ethusdt@depth5,1662123269356,1662123269351,1619.69,1619.70
depthUpdate,ethusdt@depth5,1662123269607,1662123269602,1619.69,1619.70
depthUpdate,ethusdt@depth5,1662123269860,1662123269856,1619.69,1619.70
depthUpdate,ethusdt@depth5,1662123270113,1662123270105,1619.69,1619.70
depthUpdate,ethusdt@depth5,1662123270364,1662123270358,1619.84,1619.85
depthUpdate,ethusdt@depth5,1662123270614,1662123270609,1619.84,1619.85
depthUpdate,ethusdt@depth5,1662123270864,1662123270857,1619.84,1619.85
depthUpdate,ethusdt@depth5,1662123271115,1662123271105,1619.84,1619.85
depthUpdate,ethusdt@depth5,1662123271366,1662123271361,1619.84,1619.85
depthUpdate,ethusdt@depth5,1662123271616,1662123271610,1619.77,1619.78
depthUpdate,ethusdt@depth5,1662123271868,1662123271863,1619.30,1619.31
depthUpdate,ethusdt@depth5,1662123272118,1662123272111,1619.09,1619.10
depthUpdate,ethusdt@depth5,1662123272369,1662123272363,1619.09,1619.10
depthUpdate,ethusdt@depth5,1662123272619,1662123272615,1618.99,1619.00
depthUpdate,ethusdt@depth5,1662123272870,1662123272856,1618.85,1618.86
depthUpdate,ethusdt@depth5,1662123273120,1662123273115,1618.62,1618.63
depthUpdate,ethusdt@depth5,1662123273371,1662123273366,1618.62,1618.63
depthUpdate,ethusdt@depth5,1662123273621,1662123273606,1618.22,1618.23
depthUpdate,ethusdt@depth5,1662123273872,1662123273868,1618.39,1618.40
depthUpdate,ethusdt@depth5,1662123274123,1662123274117,1618.83,1618.84
depthUpdate,ethusdt@depth5,1662123274373,1662123274367,1618.62,1618.63
depthUpdate,ethusdt@depth5,1662123274623,1662123274615,1618.37,1618.38
depthUpdate,ethusdt@depth5,1662123274873,1662123274867,1618.37,1618.38
depthUpdate,ethusdt@depth5,1662123275124,1662123275119,1618.37,1618.38
depthUpdate,ethusdt@depth5,1662123275375,1662123275370,1618.22,1618.23
depthUpdate,ethusdt@depth5,1662123275626,1662123275620,1618.63,1618.64
depthUpdate,ethusdt@depth5,1662123275878,1662123275872,1618.63,1618.64
depthUpdate,ethusdt@depth5,1662123276128,1662123276122,1618.63,1618.64
depthUpdate,ethusdt@depth5,1662123276378,1662123276372,1618.59,1618.60
depthUpdate,ethusdt@depth5,1662123276628,1662123276623,1618.18,1618.19
depthUpdate,ethusdt@depth5,1662123276878,1662123276873,1618.18,1618.19
depthUpdate,ethusdt@depth5,1662123277128,1662123277123,1618.18,1618.19
depthUpdate,ethusdt@depth5,1662123277378,1662123277373,1618.10,1618.11
depthUpdate,ethusdt@depth5,1662123277628,1662123277588,1618.36,1618.71
depthUpdate,ethusdt@depth5,1662123277878,1662123277815,1619.63,1619.68
depthUpdate,ethusdt@depth5,1662123278128,1662123278052,1619.86,1619.87
depthUpdate,ethusdt@depth5,1662123278379,1662123278360,1620.70,1620.72
depthUpdate,ethusdt@depth5,1662123278629,1662123278621,1620.53,1620.56
depthUpdate,ethusdt@depth5,1662123278879,1662123278874,1620.56,1620.57
depthUpdate,ethusdt@depth5,1662123279130,1662123279122,1620.19,1620.22
depthUpdate,ethusdt@depth5,1662123279381,1662123279372,1619.44,1619.47
depthUpdate,ethusdt@depth5,1662123279631,1662123279626,1619.49,1619.63
depthUpdate,ethusdt@depth5,1662123279883,1662123279875,1619.29,1619.30
depthUpdate,ethusdt@depth5,1662123280133,1662123280125,1619.41,1619.42
depthUpdate,ethusdt@depth5,1662123280384,1662123280370,1619.41,1619.42
depthUpdate,ethusdt@depth5,1662123280642,1662123280634,1619.36,1619.37
depthUpdate,ethusdt@depth5,1662123280893,1662123280884,1619.16,1619.25
depthUpdate,ethusdt@depth5,1662123281143,1662123281138,1619.20,1619.21
depthUpdate,ethusdt@depth5,1662123281394,1662123281389,1619.00,1619.01
depthUpdate,ethusdt@depth5,1662123281644,1662123281639,1618.83,1618.84
depthUpdate,ethusdt@depth5,1662123281895,1662123281891,1619.17,1619.18
depthUpdate,ethusdt@depth5,1662123282146,1662123282138,1619.17,1619.18
depthUpdate,ethusdt@depth5,1662123282397,1662123282391,1618.98,1618.99
depthUpdate,ethusdt@depth5,1662123282647,1662123282641,1618.98,1618.99
depthUpdate,ethusdt@depth5,1662123282897,1662123282881,1618.80,1618.81
depthUpdate,ethusdt@depth5,1662123283147,1662123283142,1618.22,1618.23
depthUpdate,ethusdt@depth5,1662123283398,1662123283389,1618.16,1618.17
depthUpdate,ethusdt@depth5,1662123283648,1662123283643,1618.21,1618.22
depthUpdate,ethusdt@depth5,1662123283898,1662123283892,1618.21,1618.22
depthUpdate,ethusdt@depth5,1662123284148,1662123284143,1618.41,1618.42
depthUpdate,ethusdt@depth5,1662123284400,1662123284394,1618.41,1618.42
depthUpdate,ethusdt@depth5,1662123284652,1662123284645,1618.66,1618.67
depthUpdate,ethusdt@depth5,1662123284902,1662123284898,1618.66,1618.67
depthUpdate,ethusdt@depth5,1662123285155,1662123285151,1618.66,1618.67
depthUpdate,ethusdt@depth5,1662123285406,1662123285400,1619.17,1619.18
depthUpdate,ethusdt@depth5,1662123285656,1662123285650,1619.17,1619.18
depthUpdate,ethusdt@depth5,1662123285907,1662123285902,1619.17,1619.18
depthUpdate,ethusdt@depth5,1662123286160,1662123286154,1619.17,1619.18
depthUpdate,ethusdt@depth5,1662123286412,1662123286406,1619.34,1619.35
depthUpdate,ethusdt@depth5,1662123286662,1662123286657,1619.34,1619.35
depthUpdate,ethusdt@depth5,1662123286915,1662123286910,1619.34,1619.35
depthUpdate,ethusdt@depth5,1662123287165,1662123287160,1619.34,1619.35
depthUpdate,ethusdt@depth5,1662123287417,1662123287412,1618.75,1618.76
depthUpdate,ethusdt@depth5,1662123287667,1662123287661,1619.16,1619.17
depthUpdate,ethusdt@depth5,1662123287917,1662123287910,1619.27,1619.28
depthUpdate,ethusdt@depth5,1662123288167,1662123288162,1619.27,1619.28
depthUpdate,ethusdt@depth5,1662123288417,1662123288413,1619.27,1619.28
depthUpdate,ethusdt@depth5,1662123288668,1662123288662,1619.41,1619.42
depthUpdate,ethusdt@depth5,1662123288919,1662123288911,1619.41,1619.42
depthUpdate,ethusdt@depth5,1662123289169,1662123289162,1619.41,1619.42
depthUpdate,ethusdt@depth5,1662123289419,1662123289414,1619.41,1619.42
depthUpdate,ethusdt@depth5,1662123289670,1662123289666,1619.37,1619.38
depthUpdate,ethusdt@depth5,1662123289921,1662123289915,1619.35,1619.36
depthUpdate,ethusdt@depth5,1662123290171,1662123290164,1619.45,1619.50
depthUpdate,ethusdt@depth5,1662123290421,1662123290415,1619.45,1619.46
depthUpdate,ethusdt@depth5,1662123290671,1662123290665,1619.45,1619.46
depthUpdate,ethusdt@depth5,1662123290922,1662123290918,1619.45,1619.46
depthUpdate,ethusdt@depth5,1662123291172,1662123291167,1619.53,1619.54
depthUpdate,ethusdt@depth5,1662123291422,1662123291415,1619.33,1619.34
depthUpdate,ethusdt@depth5,1662123291672,1662123291668,1619.53,1619.54
depthUpdate,ethusdt@depth5,1662123291923,1662123291919,1619.62,1619.63
depthUpdate,ethusdt@depth5,1662123292174,1662123292170,1619.62,1619.63
depthUpdate,ethusdt@depth5,1662123292426,1662123292421,1619.77,1619.78
depthUpdate,ethusdt@depth5,1662123292676,1662123292670,1619.46,1619.47
depthUpdate,ethusdt@depth5,1662123292926,1662123292922,1619.63,1619.64
depthUpdate,ethusdt@depth5,1662123293177,1662123293170,1619.63,1619.64
depthUpdate,ethusdt@depth5,1662123293427,1662123293420,1619.72,1619.73
depthUpdate,ethusdt@depth5,1662123293677,1662123293670,1619.72,1619.73
depthUpdate,ethusdt@depth5,1662123293927,1662123293922,1619.72,1619.73
depthUpdate,ethusdt@depth5,1662123294178,1662123294172,1619.72,1619.73
depthUpdate,ethusdt@depth5,1662123294428,1662123294423,1619.72,1619.73
depthUpdate,ethusdt@depth5,1662123294679,1662123294674,1619.69,1619.70
depthUpdate,ethusdt@depth5,1662123294931,1662123294925,1619.69,1619.70
depthUpdate,ethusdt@depth5,1662123295181,1662123295173,1619.03,1619.04
depthUpdate,ethusdt@depth5,1662123295432,1662123295428,1619.01,1619.04
depthUpdate,ethusdt@depth5,1662123295684,1662123295679,1619.00,1619.01
depthUpdate,ethusdt@depth5,1662123295934,1662123295927,1618.91,1618.92
depthUpdate,ethusdt@depth5,1662123296185,1662123296178,1618.82,1618.83
depthUpdate,ethusdt@depth5,1662123296435,1662123296430,1618.82,1618.83
depthUpdate,ethusdt@depth5,1662123296685,1662123296678,1619.03,1619.04
depthUpdate,ethusdt@depth5,1662123296935,1662123296929,1619.03,1619.04
depthUpdate,ethusdt@depth5,1662123297185,1662123297179,1619.03,1619.04
depthUpdate,ethusdt@depth5,1662123297435,1662123297427,1619.06,1619.07
depthUpdate,ethusdt@depth5,1662123297685,1662123297680,1619.14,1619.18
depthUpdate,ethusdt@depth5,1662123297936,1662123297929,1619.01,1619.02
depthUpdate,ethusdt@depth5,1662123298186,1662123298181,1619.01,1619.02
depthUpdate,ethusdt@depth5,1662123298436,1662123298430,1619.16,1619.17
depthUpdate,ethusdt@depth5,1662123298687,1662123298682,1619.44,1619.45
depthUpdate,ethusdt@depth5,1662123298938,1662123298934,1619.62,1619.63
depthUpdate,ethusdt@depth5,1662123299188,1662123299182,1619.62,1619.63
depthUpdate,ethusdt@depth5,1662123299438,1662123299433,1619.44,1619.45
depthUpdate,ethusdt@depth5,1662123299690,1662123299685,1619.44,1619.45
depthUpdate,ethusdt@depth5,1662123299940,1662123299935,1619.62,1619.63
depthUpdate,ethusdt@depth5,1662123300190,1662123300184,1619.62,1619.63
depthUpdate,ethusdt@depth5,1662123300441,1662123300439,1619.72,1619.73
depthUpdate,ethusdt@depth5,1662123300692,1662123300688,1619.61,1619.62
depthUpdate,ethusdt@depth5,1662123300945,1662123300937,1619.33,1619.34
depthUpdate,ethusdt@depth5,1662123301195,1662123301190,1619.50,1619.51
depthUpdate,ethusdt@depth5,1662123301446,1662123301439,1619.50,1619.51
depthUpdate,ethusdt@depth5,1662123301696,1662123301690,1619.27,1619.28
depthUpdate,ethusdt@depth5,1662123301947,1662123301942,1618.95,1618.96
depthUpdate,ethusdt@depth5,1662123302197,1662123302191,1618.95,1618.96
depthUpdate,ethusdt@depth5,1662123302447,1662123302441,1618.74,1618.75
depthUpdate,ethusdt@depth5,1662123302697,1662123302685,1618.35,1618.36
depthUpdate,ethusdt@depth5,1662123302949,1662123302943,1618.35,1618.36
depthUpdate,ethusdt@depth5,1662123303199,1662123303195,1618.69,1618.70
depthUpdate,ethusdt@depth5,1662123303449,1662123303444,1618.84,1618.85
depthUpdate,ethusdt@depth5,1662123303699,1662123303690,1618.98,1618.99
depthUpdate,ethusdt@depth5,1662123303949,1662123303945,1619.14,1619.15
depthUpdate,ethusdt@depth5,1662123304200,1662123304195,1619.14,1619.15
depthUpdate,ethusdt@depth5,1662123304450,1662123304444,1618.81,1618.82
depthUpdate,ethusdt@depth5,1662123304702,1662123304696,1618.91,1618.92
depthUpdate,ethusdt@depth5,1662123304953,1662123304948,1619.09,1619.10
depthUpdate,ethusdt@depth5,1662123305203,1662123305197,1619.17,1619.18
depthUpdate,ethusdt@depth5,1662123305454,1662123305447,1619.17,1619.18
depthUpdate,ethusdt@depth5,1662123305705,1662123305698,1619.09,1619.10
depthUpdate,ethusdt@depth5,1662123305957,1662123305952,1619.49,1619.50
depthUpdate,ethusdt@depth5,1662123306208,1662123306200,1619.48,1619.49
depthUpdate,ethusdt@depth5,1662123306458,1662123306452,1619.75,1619.76
depthUpdate,ethusdt@depth5,1662123306708,1662123306693,1619.98,1619.99
depthUpdate,ethusdt@depth5,1662123306958,1662123306951,1619.99,1620.00
depthUpdate,ethusdt@depth5,1662123307209,1662123307202,1619.99,1620.00
depthUpdate,ethusdt@depth5,1662123307459,1662123307453,1620.22,1620.23
depthUpdate,ethusdt@depth5,1662123307710,1662123307704,1620.29,1620.30
depthUpdate,ethusdt@depth5,1662123307960,1662123307954,1620.35,1620.36
depthUpdate,ethusdt@depth5,1662123308210,1662123308203,1620.35,1620.36
depthUpdate,ethusdt@depth5,1662123308461,1662123308455,1620.19,1620.20
depthUpdate,ethusdt@depth5,1662123308715,1662123308708,1620.19,1620.20
depthUpdate,ethusdt@depth5,1662123308965,1662123308960,1620.39,1620.40
depthUpdate,ethusdt@depth5,1662123309215,1662123309209,1620.59,1620.60
depthUpdate,ethusdt@depth5,1662123309467,1662123309463,1620.65,1620.66
depthUpdate,ethusdt@depth5,1662123309719,1662123309713,1620.65,1620.66
depthUpdate,ethusdt@depth5,1662123309969,1662123309964,1620.73,1620.74
depthUpdate,ethusdt@depth5,1662123310220,1662123310214,1620.73,1620.74
depthUpdate,ethusdt@depth5,1662123310471,1662123310467,1620.58,1620.59
depthUpdate,ethusdt@depth5,1662123310722,1662123310716,1620.50,1620.51
depthUpdate,ethusdt@depth5,1662123310975,1662123310969,1620.77,1620.78
depthUpdate,ethusdt@depth5,1662123311225,1662123311219,1620.77,1620.78
depthUpdate,ethusdt@depth5,1662123311476,1662123311471,1620.89,1620.90
depthUpdate,ethusdt@depth5,1662123311727,1662123311713,1621.04,1621.05
depthUpdate,ethusdt@depth5,1662123311977,1662123311973,1621.19,1621.20
depthUpdate,ethusdt@depth5,1662123312227,1662123312221,1620.76,1620.77
depthUpdate,ethusdt@depth5,1662123312477,1662123312471,1620.95,1620.96
depthUpdate,ethusdt@depth5,1662123312727,1662123312722,1621.02,1621.03
depthUpdate,ethusdt@depth5,1662123312977,1662123312972,1621.00,1621.01
depthUpdate,ethusdt@depth5,1662123313228,1662123313223,1621.00,1621.01
depthUpdate,ethusdt@depth5,1662123313479,1662123313473,1621.07,1621.08
depthUpdate,ethusdt@depth5,1662123313729,1662123313722,1621.00,1621.01
depthUpdate,ethusdt@depth5,1662123313981,1662123313975,1621.06,1621.07
depthUpdate,ethusdt@depth5,1662123314232,1662123314228,1621.06,1621.07
depthUpdate,ethusdt@depth5,1662123314483,1662123314476,1621.06,1621.07
depthUpdate,ethusdt@depth5,1662123314733,1662123314726,1621.15,1621.16
depthUpdate,ethusdt@depth5,1662123314983,1662123314978,1621.15,1621.16
depthUpdate,ethusdt@depth5,1662123315233,1662123315226,1621.11,1621.12
depthUpdate,ethusdt@depth5,1662123315483,1662123315478,1621.23,1621.24
depthUpdate,ethusdt@depth5,1662123315735,1662123315723,1621.33,1621.34
depthUpdate,ethusdt@depth5,1662123315986,1662123315982,1621.37,1621.38
depthUpdate,ethusdt@depth5,1662123316237,1662123316231,1621.55,1621.56
depthUpdate,ethusdt@depth5,1662123316487,1662123316481,1621.55,1621.56
depthUpdate,ethusdt@depth5,1662123316738,1662123316702,1621.55,1621.56
depthUpdate,ethusdt@depth5,1662123317030,1662123317023,1621.55,1621.56
depthUpdate,ethusdt@depth5,1662123317280,1662123317276,1621.67,1621.68
depthUpdate,ethusdt@depth5,1662123317532,1662123317527,1621.89,1621.90
depthUpdate,ethusdt@depth5,1662123317782,1662123317777,1621.64,1621.65
depthUpdate,ethusdt@depth5,1662123318034,1662123318029,1621.64,1621.65
depthUpdate,ethusdt@depth5,1662123318285,1662123318277,1621.79,1621.80
depthUpdate,ethusdt@depth5,1662123318535,1662123318529,1621.65,1621.66
depthUpdate,ethusdt@depth5,1662123318787,1662123318782,1621.90,1621.91
depthUpdate,ethusdt@depth5,1662123319038,1662123319031,1621.99,1622.00
depthUpdate,ethusdt@depth5,1662123319288,1662123319283,1622.00,1622.04
depthUpdate,ethusdt@depth5,1662123319539,1662123319530,1622.07,1622.08
depthUpdate,ethusdt@depth5,1662123319789,1662123319784,1622.07,1622.08
depthUpdate,ethusdt@depth5,1662123320044,1662123320038,1622.07,1622.08
depthUpdate,ethusdt@depth5,1662123320294,1662123320288,1621.89,1621.90
depthUpdate,ethusdt@depth5,1662123320544,1662123320537,1622.03,1622.04
depthUpdate,ethusdt@depth5,1662123320794,1662123320790,1621.89,1621.90
depthUpdate,ethusdt@depth5,1662123321045,1662123321039,1622.06,1622.08
depthUpdate,ethusdt@depth5,1662123321295,1662123321288,1622.07,1622.08
depthUpdate,ethusdt@depth5,1662123321545,1662123321539,1622.07,1622.08
depthUpdate,ethusdt@depth5,1662123321795,1662123321789,1621.91,1621.92
depthUpdate,ethusdt@depth5,1662123322045,1662123322040,1621.91,1621.92
depthUpdate,ethusdt@depth5,1662123322295,1662123322290,1621.91,1621.92
depthUpdate,ethusdt@depth5,1662123322546,1662123322540,1621.89,1621.90
depthUpdate,ethusdt@depth5,1662123322797,1662123322791,1621.89,1621.90
depthUpdate,ethusdt@depth5,1662123323047,1662123323041,1622.07,1622.08
depthUpdate,ethusdt@depth5,1662123323299,1662123323292,1621.89,1621.90
depthUpdate,ethusdt@depth5,1662123323549,1662123323544,1622.07,1622.08
depthUpdate,ethusdt@depth5,1662123323799,1662123323792,1622.07,1622.08
depthUpdate,ethusdt@depth5,1662123324049,1662123324043,1622.06,1622.07
depthUpdate,ethusdt@depth5,1662123324299,1662123324292,1621.96,1621.97
depthUpdate,ethusdt@depth5,1662123324549,1662123324544,1622.06,1622.07
depthUpdate,ethusdt@depth5,1662123324799,1662123324791,1622.06,1622.07
depthUpdate,ethusdt@depth5,1662123325051,1662123325045,1622.06,1622.07
depthUpdate,ethusdt@depth5,1662123325301,1662123325295,1622.06,1622.07
depthUpdate,ethusdt@depth5,1662123325553,1662123325549,1622.01,1622.11
depthUpdate,ethusdt@depth5,1662123325803,1662123325798,1622.12,1622.13
depthUpdate,ethusdt@depth5,1662123326053,1662123326047,1621.91,1621.92
depthUpdate,ethusdt@depth5,1662123326305,1662123326299,1622.07,1622.08
depthUpdate,ethusdt@depth5,1662123326557,1662123326553,1622.07,1622.15
depthUpdate,ethusdt@depth5,1662123326808,1662123326803,1622.05,1622.06
depthUpdate,ethusdt@depth5,1662123327059,1662123327054,1621.91,1621.92
depthUpdate,ethusdt@depth5,1662123327310,1662123327304,1621.91,1621.92
depthUpdate,ethusdt@depth5,1662123327560,1662123327556,1622.22,1622.23
depthUpdate,ethusdt@depth5,1662123327811,1662123327805,1622.27,1622.28
depthUpdate,ethusdt@depth5,1662123328061,1662123328054,1622.55,1622.56
depthUpdate,ethusdt@depth5,1662123328311,1662123328304,1622.55,1622.56
depthUpdate,ethusdt@depth5,1662123328562,1662123328556,1622.55,1622.56
depthUpdate,ethusdt@depth5,1662123328812,1662123328805,1622.55,1622.56
depthUpdate,ethusdt@depth5,1662123329062,1662123329058,1622.56,1622.65
depthUpdate,ethusdt@depth5,1662123329313,1662123329308,1622.72,1622.73
depthUpdate,ethusdt@depth5,1662123329563,1662123329559,1622.72,1622.73
depthUpdate,ethusdt@depth5,1662123329814,1662123329795,1622.99,1623.00
depthUpdate,ethusdt@depth5,1662123330065,1662123330061,1623.17,1623.18
depthUpdate,ethusdt@depth5,1662123330316,1662123330310,1623.13,1623.14
depthUpdate,ethusdt@depth5,1662123330566,1662123330560,1623.03,1623.04
depthUpdate,ethusdt@depth5,1662123330816,1662123330812,1622.85,1622.86
depthUpdate,ethusdt@depth5,1662123331068,1662123331062,1623.16,1623.17
depthUpdate,ethusdt@depth5,1662123331319,1662123331313,1623.24,1623.25
depthUpdate,ethusdt@depth5,1662123331569,1662123331565,1623.13,1623.14
depthUpdate,ethusdt@depth5,1662123331821,1662123331816,1623.13,1623.14
depthUpdate,ethusdt@depth5,1662123332072,1662123332066,1623.38,1623.39
depthUpdate,ethusdt@depth5,1662123332322,1662123332316,1623.24,1623.25
depthUpdate,ethusdt@depth5,1662123332572,1662123332566,1623.41,1623.42
depthUpdate,ethusdt@depth5,1662123332822,1662123332818,1623.41,1623.42
depthUpdate,ethusdt@depth5,1662123333072,1662123333066,1623.45,1623.48
depthUpdate,ethusdt@depth5,1662123333322,1662123333318,1623.45,1623.46
depthUpdate,ethusdt@depth5,1662123333572,1662123333568,1623.56,1623.58
depthUpdate,ethusdt@depth5,1662123333822,1662123333817,1623.59,1623.60
depthUpdate,ethusdt@depth5,1662123334072,1662123334066,1623.59,1623.60
depthUpdate,ethusdt@depth5,1662123334322,1662123334316,1623.73,1623.74
depthUpdate,ethusdt@depth5,1662123334573,1662123334566,1623.80,1623.81
depthUpdate,ethusdt@depth5,1662123334824,1662123334819,1623.62,1623.63
depthUpdate,ethusdt@depth5,1662123335074,1662123335065,1623.57,1623.58
depthUpdate,ethusdt@depth5,1662123335324,1662123335319,1623.92,1623.93
depthUpdate,ethusdt@depth5,1662123335574,1662123335568,1623.92,1623.93
depthUpdate,ethusdt@depth5,1662123335825,1662123335820,1623.92,1623.93
depthUpdate,ethusdt@depth5,1662123336075,1662123336069,1623.92,1623.93
depthUpdate,ethusdt@depth5,1662123336327,1662123336322,1623.92,1623.93
depthUpdate,ethusdt@depth5,1662123336581,1662123336575,1623.92,1623.93
depthUpdate,ethusdt@depth5,1662123336831,1662123336825,1623.99,1624.00
depthUpdate,ethusdt@depth5,1662123337081,1662123337077,1623.99,1624.00
depthUpdate,ethusdt@depth5,1662123337336,1662123337329,1623.99,1624.00
depthUpdate,ethusdt@depth5,1662123337586,1662123337580,1623.99,1624.00
depthUpdate,ethusdt@depth5,1662123337836,1662123337829,1623.99,1624.00
depthUpdate,ethusdt@depth5,1662123338086,1662123338080,1623.99,1624.00
depthUpdate,ethusdt@depth5,1662123338336,1662123338330,1624.12,1624.13
depthUpdate,ethusdt@depth5,1662123338587,1662123338581,1623.87,1623.88
depthUpdate,ethusdt@depth5,1662123338837,1662123338832,1623.91,1623.92
depthUpdate,ethusdt@depth5,1662123339087,1662123339079,1624.30,1624.31
depthUpdate,ethusdt@depth5,1662123339337,1662123339331,1624.10,1624.11
depthUpdate,ethusdt@depth5,1662123339587,1662123339581,1623.96,1623.97
depthUpdate,ethusdt@depth5,1662123339838,1662123339832,1623.93,1623.94
depthUpdate,ethusdt@depth5,1662123340089,1662123340084,1623.94,1624.02
depthUpdate,ethusdt@depth5,1662123340340,1662123340325,1624.02,1624.03
depthUpdate,ethusdt@depth5,1662123340599,1662123340580,1623.74,1623.77
depthUpdate,ethusdt@depth5,1662123340859,1662123340846,1623.59,1623.65
depthUpdate,ethusdt@depth5,1662123341110,1662123341101,1623.58,1623.59
depthUpdate,ethusdt@depth5,1662123341360,1662123341355,1623.86,1623.87
depthUpdate,ethusdt@depth5,1662123341610,1662123341603,1623.86,1623.87
depthUpdate,ethusdt@depth5,1662123341860,1662123341855,1623.86,1623.87
depthUpdate,ethusdt@depth5,1662123342112,1662123342108,1624.07,1624.11
depthUpdate,ethusdt@depth5,1662123342362,1662123342352,1623.84,1623.85
depthUpdate,ethusdt@depth5,1662123342612,1662123342608,1623.78,1623.79
depthUpdate,ethusdt@depth5,1662123342862,1662123342857,1623.73,1623.74
depthUpdate,ethusdt@depth5,1662123343113,1662123343107,1623.78,1623.85
depthUpdate,ethusdt@depth5,1662123343364,1662123343358,1624.10,1624.36
depthUpdate,ethusdt@depth5,1662123343614,1662123343610,1624.56,1624.57
depthUpdate,ethusdt@depth5,1662123343864,1662123343859,1624.61,1624.62
depthUpdate,ethusdt@depth5,1662123344114,1662123344109,1624.55,1624.56
depthUpdate,ethusdt@depth5,1662123344367,1662123344361,1624.33,1624.34
depthUpdate,ethusdt@depth5,1662123344617,1662123344611,1624.10,1624.11
depthUpdate,ethusdt@depth5,1662123344867,1662123344860,1623.76,1623.77
depthUpdate,ethusdt@depth5,1662123345117,1662123345112,1623.75,1623.76
depthUpdate,ethusdt@depth5,1662123345367,1662123345363,1623.72,1623.73
depthUpdate,ethusdt@depth5,1662123345618,1662123345612,1623.73,1623.74
depthUpdate,ethusdt@depth5,1662123345869,1662123345864,1623.26,1623.27
depthUpdate,ethusdt@depth5,1662123346120,1662123346115,1623.49,1623.50
depthUpdate,ethusdt@depth5,1662123346372,1662123346367,1623.61,1623.62
depthUpdate,ethusdt@depth5,1662123346623,1662123346618,1623.26,1623.27
depthUpdate,ethusdt@depth5,1662123346873,1662123346867,1623.50,1623.51
depthUpdate,ethusdt@depth5,1662123347123,1662123347117,1623.58,1623.59
depthUpdate,ethusdt@depth5,1662123347373,1662123347368,1623.71,1623.72
depthUpdate,ethusdt@depth5,1662123347623,1662123347618,1623.89,1623.90
depthUpdate,ethusdt@depth5,1662123347874,1662123347867,1623.55,1623.56
depthUpdate,ethusdt@depth5,1662123348125,1662123348121,1623.62,1623.63
depthUpdate,ethusdt@depth5,1662123348376,1662123348371,1623.62,1623.63
depthUpdate,ethusdt@depth5,1662123348626,1662123348620,1623.28,1623.29
depthUpdate,ethusdt@depth5,1662123348876,1662123348872,1623.18,1623.19
depthUpdate,ethusdt@depth5,1662123349126,1662123349120,1623.18,1623.19
depthUpdate,ethusdt@depth5,1662123349376,1662123349370,1623.42,1623.43
depthUpdate,ethusdt@depth5,1662123349627,1662123349621,1623.34,1623.35
depthUpdate,ethusdt@depth5,1662123349877,1662123349870,1623.42,1623.43
depthUpdate,ethusdt@depth5,1662123350127,1662123350123,1623.62,1623.63
depthUpdate,ethusdt@depth5,1662123350378,1662123350372,1623.91,1623.92
depthUpdate,ethusdt@depth5,1662123350629,1662123350621,1623.85,1623.86
depthUpdate,ethusdt@depth5,1662123350879,1662123350868,1623.85,1623.86
depthUpdate,ethusdt@depth5,1662123351129,1662123351123,1623.85,1623.86
depthUpdate,ethusdt@depth5,1662123351379,1662123351375,1624.29,1624.30
depthUpdate,ethusdt@depth5,1662123351630,1662123351621,1623.96,1624.08
depthUpdate,ethusdt@depth5,1662123351882,1662123351876,1623.82,1623.83
depthUpdate,ethusdt@depth5,1662123352132,1662123352125,1623.99,1624.00
depthUpdate,ethusdt@depth5,1662123352382,1662123352372,1623.62,1623.63
depthUpdate,ethusdt@depth5,1662123352632,1662123352626,1623.54,1623.55
depthUpdate,ethusdt@depth5,1662123352882,1662123352874,1623.34,1623.35
depthUpdate,ethusdt@depth5,1662123353132,1662123353128,1623.21,1623.22
depthUpdate,ethusdt@depth5,1662123353383,1662123353377,1623.34,1623.35
depthUpdate,ethusdt@depth5,1662123353633,1662123353628,1623.34,1623.35
depthUpdate,ethusdt@depth5,1662123353884,1662123353879,1623.73,1623.74
depthUpdate,ethusdt@depth5,1662123354137,1662123354131,1623.78,1623.79
depthUpdate,ethusdt@depth5,1662123354387,1662123354383,1623.64,1623.65
depthUpdate,ethusdt@depth5,1662123354637,1662123354632,1623.36,1623.37
depthUpdate,ethusdt@depth5,1662123354888,1662123354881,1623.53,1623.54
depthUpdate,ethusdt@depth5,1662123355138,1662123355131,1623.71,1623.72
depthUpdate,ethusdt@depth5,1662123355388,1662123355382,1623.53,1623.54
depthUpdate,ethusdt@depth5,1662123355639,1662123355633,1623.66,1623.67
depthUpdate,ethusdt@depth5,1662123355889,1662123355885,1623.71,1623.72
depthUpdate,ethusdt@depth5,1662123356140,1662123356134,1623.71,1623.72
depthUpdate,ethusdt@depth5,1662123356391,1662123356384,1623.71,1623.72
depthUpdate,ethusdt@depth5,1662123356642,1662123356636,1623.71,1623.72
depthUpdate,ethusdt@depth5,1662123356893,1662123356888,1623.71,1623.72
depthUpdate,ethusdt@depth5,1662123357144,1662123357138,1623.70,1623.71
depthUpdate,ethusdt@depth5,1662123357395,1662123357387,1623.23,1623.24
depthUpdate,ethusdt@depth5,1662123357646,1662123357641,1623.23,1623.24
depthUpdate,ethusdt@depth5,1662123357897,1662123357891,1623.23,1623.24
depthUpdate,ethusdt@depth5,1662123358147,1662123358142,1623.23,1623.24
depthUpdate,ethusdt@depth5,1662123358400,1662123358393,1623.61,1623.62
depthUpdate,ethusdt@depth5,1662123358651,1662123358645,1623.71,1623.72
depthUpdate,ethusdt@depth5,1662123358904,1662123358899,1623.74,1623.85
depthUpdate,ethusdt@depth5,1662123359155,1662123359149,1623.73,1623.74
depthUpdate,ethusdt@depth5,1662123359405,1662123359399,1623.73,1623.74
depthUpdate,ethusdt@depth5,1662123359656,1662123359650,1623.73,1623.74
depthUpdate,ethusdt@depth5,1662123359907,1662123359900,1623.73,1623.74
depthUpdate,ethusdt@depth5,1662123360157,1662123360152,1623.73,1623.74
depthUpdate,ethusdt@depth5,1662123360409,1662123360404,1623.72,1623.73
depthUpdate,ethusdt@depth5,1662123360660,1662123360654,1623.22,1623.23
depthUpdate,ethusdt@depth5,1662123360910,1662123360897,1622.89,1622.94
depthUpdate,ethusdt@depth5,1662123361160,1662123361153,1622.67,1622.68
depthUpdate,ethusdt@depth5,1662123361410,1662123361405,1622.77,1622.78
depthUpdate,ethusdt@depth5,1662123361660,1662123361653,1622.04,1622.05
depthUpdate,ethusdt@depth5,1662123361910,1662123361902,1622.00,1622.03
depthUpdate,ethusdt@depth5,1662123362161,1662123362155,1621.91,1621.92
depthUpdate,ethusdt@depth5,1662123362411,1662123362403,1621.96,1621.97
depthUpdate,ethusdt@depth5,1662123362662,1662123362658,1621.96,1621.97
depthUpdate,ethusdt@depth5,1662123362912,1662123362895,1621.63,1621.66
depthUpdate,ethusdt@depth5,1662123363162,1662123363133,1621.51,1621.52
depthUpdate,ethusdt@depth5,1662123363412,1662123363407,1621.61,1621.62
depthUpdate,ethusdt@depth5,1662123363663,1662123363658,1621.68,1621.69
depthUpdate,ethusdt@depth5,1662123363913,1662123363907,1621.79,1621.80
depthUpdate,ethusdt@depth5,1662123364164,1662123364157,1621.79,1621.80
depthUpdate,ethusdt@depth5,1662123364414,1662123364407,1621.51,1621.52
depthUpdate,ethusdt@depth5,1662123364664,1662123364657,1621.51,1621.52
depthUpdate,ethusdt@depth5,1662123364914,1662123364897,1621.26,1621.27
depthUpdate,ethusdt@depth5,1662123365164,1662123365159,1621.14,1621.15
depthUpdate,ethusdt@depth5,1662123365415,1662123365406,1621.52,1621.53
depthUpdate,ethusdt@depth5,1662123365665,1662123365661,1621.52,1621.53
depthUpdate,ethusdt@depth5,1662123365915,1662123365909,1621.52,1621.53
depthUpdate,ethusdt@depth5,1662123366166,1662123366161,1621.52,1621.53
depthUpdate,ethusdt@depth5,1662123366420,1662123366414,1621.52,1621.53
depthUpdate,ethusdt@depth5,1662123366672,1662123366667,1621.77,1621.78
depthUpdate,ethusdt@depth5,1662123366922,1662123366917,1621.77,1621.78
depthUpdate,ethusdt@depth5,1662123367172,1662123367168,1621.77,1621.78
depthUpdate,ethusdt@depth5,1662123367423,1662123367418,1622.18,1622.21
depthUpdate,ethusdt@depth5,1662123367673,1662123367668,1622.32,1622.33
depthUpdate,ethusdt@depth5,1662123367924,1662123367920,1622.42,1622.48
depthUpdate,ethusdt@depth5,1662123368174,1662123368168,1622.67,1622.68
depthUpdate,ethusdt@depth5,1662123368425,1662123368420,1622.67,1622.68
depthUpdate,ethusdt@depth5,1662123368675,1662123368670,1622.67,1622.68
depthUpdate,ethusdt@depth5,1662123368926,1662123368920,1622.67,1622.68
depthUpdate,ethusdt@depth5,1662123369176,1662123369170,1622.43,1622.44
depthUpdate,ethusdt@depth5,1662123369428,1662123369423,1622.43,1622.44
depthUpdate,ethusdt@depth5,1662123369679,1662123369673,1622.43,1622.44
depthUpdate,ethusdt@depth5,1662123369929,1662123369921,1622.63,1622.64
depthUpdate,ethusdt@depth5,1662123370179,1662123370173,1622.63,1622.64
depthUpdate,ethusdt@depth5,1662123370429,1662123370425,1622.63,1622.64
depthUpdate,ethusdt@depth5,1662123370680,1662123370672,1622.74,1622.77
depthUpdate,ethusdt@depth5,1662123370931,1662123370926,1622.93,1622.94
depthUpdate,ethusdt@depth5,1662123371182,1662123371176,1623.14,1623.15
depthUpdate,ethusdt@depth5,1662123371432,1662123371427,1622.83,1622.84
depthUpdate,ethusdt@depth5,1662123371683,1662123371679,1622.60,1622.61
depthUpdate,ethusdt@depth5,1662123371933,1662123371927,1622.60,1622.61
depthUpdate,ethusdt@depth5,1662123372183,1662123372176,1622.74,1622.75
depthUpdate,ethusdt@depth5,1662123372433,1662123372428,1622.74,1622.75
depthUpdate,ethusdt@depth5,1662123372684,1662123372677,1623.10,1623.11
depthUpdate,ethusdt@depth5,1662123372934,1662123372929,1622.99,1623.00
depthUpdate,ethusdt@depth5,1662123373187,1662123373182,1623.08,1623.09
depthUpdate,ethusdt@depth5,1662123373438,1662123373431,1623.08,1623.09
depthUpdate,ethusdt@depth5,1662123373688,1662123373675,1623.22,1623.23
depthUpdate,ethusdt@depth5,1662123373938,1662123373933,1623.33,1623.34
depthUpdate,ethusdt@depth5,1662123374188,1662123374183,1623.48,1623.49
depthUpdate,ethusdt@depth5,1662123374438,1662123374432,1623.62,1623.63
depthUpdate,ethusdt@depth5,1662123374689,1662123374682,1623.54,1623.55
depthUpdate,ethusdt@depth5,1662123374939,1662123374935,1623.64,1623.65
depthUpdate,ethusdt@depth5,1662123375190,1662123375185,1623.59,1623.64
depthUpdate,ethusdt@depth5,1662123375441,1662123375436,1623.38,1623.39
depthUpdate,ethusdt@depth5,1662123375691,1662123375686,1623.55,1623.56
depthUpdate,ethusdt@depth5,1662123375942,1662123375937,1623.74,1623.75
depthUpdate,ethusdt@depth5,1662123376192,1662123376186,1623.99,1624.00
depthUpdate,ethusdt@depth5,1662123376442,1662123376437,1623.99,1624.00
depthUpdate,ethusdt@depth5,1662123376693,1662123376686,1624.11,1624.13
depthUpdate,ethusdt@depth5,1662123376944,1662123376938,1624.31,1624.32
depthUpdate,ethusdt@depth5,1662123377194,1662123377189,1624.00,1624.01
depthUpdate,ethusdt@depth5,1662123377449,1662123377443,1623.93,1624.00
depthUpdate,ethusdt@depth5,1662123377699,1662123377694,1623.61,1623.62
depthUpdate,ethusdt@depth5,1662123377949,1662123377943,1623.23,1623.24
depthUpdate,ethusdt@depth5,1662123378200,1662123378195,1623.47,1623.48
depthUpdate,ethusdt@depth5,1662123378450,1662123378444,1623.54,1623.59
depthUpdate,ethusdt@depth5,1662123378700,1662123378694,1623.15,1623.16
depthUpdate,ethusdt@depth5,1662123378950,1662123378944,1623.36,1623.37
depthUpdate,ethusdt@depth5,1662123379204,1662123379198,1623.24,1623.25
depthUpdate,ethusdt@depth5,1662123379454,1662123379449,1623.11,1623.12
depthUpdate,ethusdt@depth5,1662123379705,1662123379699,1623.23,1623.24
depthUpdate,ethusdt@depth5,1662123379956,1662123379952,1622.83,1622.84
depthUpdate,ethusdt@depth5,1662123380206,1662123380200,1622.87,1622.88
depthUpdate,ethusdt@depth5,1662123380456,1662123380452,1622.87,1622.88
depthUpdate,ethusdt@depth5,1662123380708,1662123380703,1622.89,1622.90
depthUpdate,ethusdt@depth5,1662123380958,1662123380951,1622.95,1623.03
depthUpdate,ethusdt@depth5,1662123381208,1662123381201,1623.02,1623.03
depthUpdate,ethusdt@depth5,1662123381458,1662123381453,1623.11,1623.12
depthUpdate,ethusdt@depth5,1662123381709,1662123381703,1623.09,1623.10
depthUpdate,ethusdt@depth5,1662123381959,1662123381954,1622.53,1622.54
depthUpdate,ethusdt@depth5,1662123382209,1662123382205,1622.35,1622.36
depthUpdate,ethusdt@depth5,1662123382462,1662123382457,1622.35,1622.36
depthUpdate,ethusdt@depth5,1662123382713,1662123382707,1622.35,1622.36
depthUpdate,ethusdt@depth5,1662123382965,1662123382957,1622.35,1622.36
depthUpdate,ethusdt@depth5,1662123383216,1662123383212,1622.44,1622.45
depthUpdate,ethusdt@depth5,1662123383467,1662123383460,1622.61,1622.62
depthUpdate,ethusdt@depth5,1662123383717,1662123383708,1622.68,1622.69
depthUpdate,ethusdt@depth5,1662123383967,1662123383963,1622.80,1622.81
depthUpdate,ethusdt@depth5,1662123384217,1662123384211,1622.79,1622.80
depthUpdate,ethusdt@depth5,1662123384467,1662123384462,1622.61,1622.62
depthUpdate,ethusdt@depth5,1662123384717,1662123384714,1622.61,1622.62
depthUpdate,ethusdt@depth5,1662123384968,1662123384963,1622.42,1622.43
depthUpdate,ethusdt@depth5,1662123385218,1662123385212,1622.43,1622.44
depthUpdate,ethusdt@depth5,1662123385470,1662123385463,1622.48,1622.49
depthUpdate,ethusdt@depth5,1662123385720,1662123385715,1622.66,1622.67
depthUpdate,ethusdt@depth5,1662123385971,1662123385965,1622.66,1622.67
depthUpdate,ethusdt@depth5,1662123386221,1662123386216,1622.38,1622.39
depthUpdate,ethusdt@depth5,1662123386474,1662123386470,1622.50,1622.51
depthUpdate,ethusdt@depth5,1662123386725,1662123386719,1622.45,1622.46
depthUpdate,ethusdt@depth5,1662123386975,1662123386968,1622.45,1622.46
depthUpdate,ethusdt@depth5,1662123387225,1662123387219,1622.37,1622.38
depthUpdate,ethusdt@depth5,1662123387476,1662123387466,1622.75,1622.76
depthUpdate,ethusdt@depth5,1662123387726,1662123387719,1622.55,1622.56
depthUpdate,ethusdt@depth5,1662123387976,1662123387971,1622.55,1622.56
depthUpdate,ethusdt@depth5,1662123388226,1662123388221,1622.55,1622.56
depthUpdate,ethusdt@depth5,1662123388477,1662123388469,1622.19,1622.35
depthUpdate,ethusdt@depth5,1662123388728,1662123388722,1622.15,1622.16
depthUpdate,ethusdt@depth5,1662123388978,1662123388972,1622.15,1622.16
depthUpdate,ethusdt@depth5,1662123389228,1662123389222,1622.15,1622.16
depthUpdate,ethusdt@depth5,1662123389479,1662123389474,1622.16,1622.17
depthUpdate,ethusdt@depth5,1662123389730,1662123389724,1622.51,1622.52
depthUpdate,ethusdt@depth5,1662123389981,1662123389975,1622.51,1622.52
depthUpdate,ethusdt@depth5,1662123390231,1662123390223,1622.51,1622.52
depthUpdate,ethusdt@depth5,1662123390481,1662123390474,1622.38,1622.39
depthUpdate,ethusdt@depth5,1662123390732,1662123390727,1622.38,1622.39
depthUpdate,ethusdt@depth5,1662123390983,1662123390977,1622.38,1622.39
depthUpdate,ethusdt@depth5,1662123391234,1662123391228,1622.50,1622.51
depthUpdate,ethusdt@depth5,1662123391484,1662123391478,1622.50,1622.51
depthUpdate,ethusdt@depth5,1662123391734,1662123391728,1622.50,1622.51
depthUpdate,ethusdt@depth5,1662123391984,1662123391979,1622.50,1622.51
depthUpdate,ethusdt@depth5,1662123392235,1662123392229,1622.50,1622.51
depthUpdate,ethusdt@depth5,1662123392486,1662123392481,1622.38,1622.39
depthUpdate,ethusdt@depth5,1662123392737,1662123392732,1622.38,1622.39
depthUpdate,ethusdt@depth5,1662123392988,1662123392981,1622.38,1622.39
depthUpdate,ethusdt@depth5,1662123393239,1662123393232,1622.51,1622.52
depthUpdate,ethusdt@depth5,1662123393489,1662123393484,1622.54,1622.55
depthUpdate,ethusdt@depth5,1662123393739,1662123393733,1622.54,1622.55
depthUpdate,ethusdt@depth5,1662123393991,1662123393986,1622.54,1622.55
depthUpdate,ethusdt@depth5,1662123394241,1662123394235,1622.54,1622.55
depthUpdate,ethusdt@depth5,1662123394491,1662123394486,1622.30,1622.31
depthUpdate,ethusdt@depth5,1662123394741,1662123394737,1622.31,1622.32
depthUpdate,ethusdt@depth5,1662123394992,1662123394987,1622.40,1622.41
depthUpdate,ethusdt@depth5,1662123395242,1662123395236,1622.31,1622.32
depthUpdate,ethusdt@depth5,1662123395492,1662123395485,1622.15,1622.16
depthUpdate,ethusdt@depth5,1662123395742,1662123395738,1622.12,1622.13
depthUpdate,ethusdt@depth5,1662123395993,1662123395987,1622.12,1622.13
depthUpdate,ethusdt@depth5,1662123396244,1662123396240,1622.12,1622.13
depthUpdate,ethusdt@depth5,1662123396495,1662123396489,1622.12,1622.13
depthUpdate,ethusdt@depth5,1662123396746,1662123396737,1622.12,1622.13
depthUpdate,ethusdt@depth5,1662123396996,1662123396991,1622.11,1622.12
depthUpdate,ethusdt@depth5,1662123397247,1662123397241,1622.01,1622.02
depthUpdate,ethusdt@depth5,1662123397499,1662123397492,1622.01,1622.02
depthUpdate,ethusdt@depth5,1662123397751,1662123397745,1622.01,1622.02
depthUpdate,ethusdt@depth5,1662123398001,1662123397995,1622.01,1622.02
depthUpdate,ethusdt@depth5,1662123398251,1662123398246,1622.02,1622.03
depthUpdate,ethusdt@depth5,1662123398502,1662123398498,1622.26,1622.27
depthUpdate,ethusdt@depth5,1662123398753,1662123398748,1622.26,1622.27
depthUpdate,ethusdt@depth5,1662123399005,1662123398999,1622.15,1622.16
depthUpdate,ethusdt@depth5,1662123399257,1662123399253,1622.54,1622.55
depthUpdate,ethusdt@depth5,1662123399507,1662123399501,1622.54,1622.55
depthUpdate,ethusdt@depth5,1662123399757,1662123399753,1622.54,1622.55
depthUpdate,ethusdt@depth5,1662123400008,1662123400002,1622.54,1622.55
depthUpdate,ethusdt@depth5,1662123400259,1662123400246,1622.45,1622.48
depthUpdate,ethusdt@depth5,1662123400534,1662123400525,1622.31,1622.33
depthUpdate,ethusdt@depth5,1662123400784,1662123400776,1622.16,1622.23
depthUpdate,ethusdt@depth5,1662123401055,1662123401046,1622.03,1622.06
depthUpdate,ethusdt@depth5,1662123401305,1662123401277,1621.80,1621.83
depthUpdate,ethusdt@depth5,1662123401556,1662123401549,1621.78,1621.79
depthUpdate,ethusdt@depth5,1662123401807,1662123401803,1621.99,1622.00
depthUpdate,ethusdt@depth5,1662123402059,1662123402054,1621.98,1621.99
depthUpdate,ethusdt@depth5,1662123402309,1662123402303,1621.98,1621.99
depthUpdate,ethusdt@depth5,1662123402559,1662123402553,1622.10,1622.11
depthUpdate,ethusdt@depth5,1662123402810,1662123402803,1622.14,1622.15
depthUpdate,ethusdt@depth5,1662123403060,1662123403055,1622.29,1622.30
depthUpdate,ethusdt@depth5,1662123403312,1662123403306,1622.29,1622.30
depthUpdate,ethusdt@depth5,1662123403562,1662123403558,1622.29,1622.30
depthUpdate,ethusdt@depth5,1662123403816,1662123403807,1622.29,1622.30
depthUpdate,ethusdt@depth5,1662123404066,1662123404060,1622.35,1622.36
depthUpdate,ethusdt@depth5,1662123404316,1662123404308,1622.35,1622.36
depthUpdate,ethusdt@depth5,1662123404566,1662123404560,1622.35,1622.36
depthUpdate,ethusdt@depth5,1662123404818,1662123404813,1622.35,1622.36
depthUpdate,ethusdt@depth5,1662123405069,1662123405062,1622.21,1622.22
depthUpdate,ethusdt@depth5,1662123405319,1662123405315,1622.21,1622.22
depthUpdate,ethusdt@depth5,1662123405570,1662123405564,1622.06,1622.07
depthUpdate,ethusdt@depth5,1662123405821,1662123405817,1621.80,1621.81
depthUpdate,ethusdt@depth5,1662123406072,1662123406065,1622.14,1622.15
depthUpdate,ethusdt@depth5,1662123406322,1662123406316,1622.42,1622.43
depthUpdate,ethusdt@depth5,1662123406572,1662123406566,1622.14,1622.15
depthUpdate,ethusdt@depth5,1662123406822,1662123406815,1622.12,1622.13
depthUpdate,ethusdt@depth5,1662123407072,1662123407067,1622.10,1622.11
depthUpdate,ethusdt@depth5,1662123407323,1662123407319,1621.88,1621.89
depthUpdate,ethusdt@depth5,1662123407574,1662123407569,1621.88,1621.89
depthUpdate,ethusdt@depth5,1662123407825,1662123407819,1621.88,1621.89
depthUpdate,ethusdt@depth5,1662123408075,1662123408068,1621.64,1621.65
depthUpdate,ethusdt@depth5,1662123408325,1662123408319,1621.88,1621.89
depthUpdate,ethusdt@depth5,1662123408576,1662123408570,1621.88,1621.89
depthUpdate,ethusdt@depth5,1662123408826,1662123408819,1621.88,1621.89
depthUpdate,ethusdt@depth5,1662123409077,1662123409072,1621.88,1621.89
depthUpdate,ethusdt@depth5,1662123409328,1662123409322,1621.88,1621.89
depthUpdate,ethusdt@depth5,1662123409578,1662123409572,1621.64,1621.65
depthUpdate,ethusdt@depth5,1662123409829,1662123409825,1621.85,1621.86
depthUpdate,ethusdt@depth5,1662123410080,1662123410075,1621.87,1621.88
depthUpdate,ethusdt@depth5,1662123410330,1662123410325,1621.87,1621.88
depthUpdate,ethusdt@depth5,1662123410581,1662123410576,1621.87,1621.88
depthUpdate,ethusdt@depth5,1662123410831,1662123410825,1621.87,1621.88
depthUpdate,ethusdt@depth5,1662123411081,1662123411076,1621.87,1621.88
depthUpdate,ethusdt@depth5,1662123411332,1662123411326,1621.87,1621.88
depthUpdate,ethusdt@depth5,1662123411582,1662123411575,1621.87,1621.88
depthUpdate,ethusdt@depth5,1662123411832,1662123411826,1621.87,1621.88
depthUpdate,ethusdt@depth5,1662123412083,1662123412080,1621.87,1621.88
depthUpdate,ethusdt@depth5,1662123412334,1662123412329,1621.87,1621.88
depthUpdate,ethusdt@depth5,1662123412585,1662123412580,1621.78,1621.79
depthUpdate,ethusdt@depth5,1662123412835,1662123412829,1621.51,1621.52
depthUpdate,ethusdt@depth5,1662123413085,1662123413079,1621.51,1621.52
depthUpdate,ethusdt@depth5,1662123413336,1662123413331,1621.72,1621.73
depthUpdate,ethusdt@depth5,1662123413587,1662123413581,1621.72,1621.73
depthUpdate,ethusdt@depth5,1662123413837,1662123413833,1621.71,1621.72
depthUpdate,ethusdt@depth5,1662123414087,1662123414081,1621.60,1621.61
depthUpdate,ethusdt@depth5,1662123414339,1662123414334,1621.60,1621.61
depthUpdate,ethusdt@depth5,1662123414590,1662123414583,1621.51,1621.52
depthUpdate,ethusdt@depth5,1662123414841,1662123414835,1621.51,1621.52
depthUpdate,ethusdt@depth5,1662123415092,1662123415086,1621.51,1621.52
depthUpdate,ethusdt@depth5,1662123415342,1662123415337,1621.49,1621.50
depthUpdate,ethusdt@depth5,1662123415593,1662123415586,1621.49,1621.50
depthUpdate,ethusdt@depth5,1662123415843,1662123415835,1621.49,1621.50
depthUpdate,ethusdt@depth5,1662123416093,1662123416087,1621.49,1621.50
depthUpdate,ethusdt@depth5,1662123416344,1662123416340,1621.61,1621.62
depthUpdate,ethusdt@depth5,1662123416595,1662123416590,1621.62,1621.63
depthUpdate,ethusdt@depth5,1662123416845,1662123416839,1621.79,1621.80
depthUpdate,ethusdt@depth5,1662123417096,1662123417089,1621.87,1621.88
depthUpdate,ethusdt@depth5,1662123417346,1662123417338,1621.87,1621.88
depthUpdate,ethusdt@depth5,1662123417597,1662123417587,1622.11,1622.12
depthUpdate,ethusdt@depth5,1662123417847,1662123417839,1622.11,1622.12
depthUpdate,ethusdt@depth5,1662123418097,1662123418092,1622.11,1622.12
depthUpdate,ethusdt@depth5,1662123418348,1662123418342,1622.21,1622.22
depthUpdate,ethusdt@depth5,1662123418598,1662123418592,1622.11,1622.12
depthUpdate,ethusdt@depth5,1662123418849,1662123418844,1622.11,1622.12
depthUpdate,ethusdt@depth5,1662123419100,1662123419095,1622.11,1622.12
depthUpdate,ethusdt@depth5,1662123419350,1662123419344,1622.11,1622.12
depthUpdate,ethusdt@depth5,1662123419600,1662123419594,1622.11,1622.12
depthUpdate,ethusdt@depth5,1662123419851,1662123419840,1621.67,1621.68
depthUpdate,ethusdt@depth5,1662123420101,1662123420097,1621.67,1621.68
depthUpdate,ethusdt@depth5,1662123420351,1662123420347,1621.67,1621.68
depthUpdate,ethusdt@depth5,1662123420601,1662123420594,1621.67,1621.68
depthUpdate,ethusdt@depth5,1662123420852,1662123420846,1621.67,1621.68
depthUpdate,ethusdt@depth5,1662123421102,1662123421094,1621.67,1621.68
depthUpdate,ethusdt@depth5,1662123421352,1662123421346,1621.67,1621.68
depthUpdate,ethusdt@depth5,1662123421602,1662123421597,1621.67,1621.68
depthUpdate,ethusdt@depth5,1662123421854,1662123421848,1621.67,1621.68
depthUpdate,ethusdt@depth5,1662123422105,1662123422100,1621.52,1621.53
depthUpdate,ethusdt@depth5,1662123422357,1662123422351,1621.52,1621.53
depthUpdate,ethusdt@depth5,1662123422607,1662123422600,1621.52,1621.53
depthUpdate,ethusdt@depth5,1662123422858,1662123422810,1621.20,1621.21
depthUpdate,ethusdt@depth5,1662123423108,1662123423103,1621.20,1621.21
depthUpdate,ethusdt@depth5,1662123423359,1662123423353,1621.52,1621.53
depthUpdate,ethusdt@depth5,1662123423610,1662123423604,1621.52,1621.53
depthUpdate,ethusdt@depth5,1662123423860,1662123423855,1621.52,1621.53
depthUpdate,ethusdt@depth5,1662123424111,1662123424104,1621.52,1621.53
depthUpdate,ethusdt@depth5,1662123424363,1662123424357,1621.52,1621.53
depthUpdate,ethusdt@depth5,1662123424614,1662123424606,1621.52,1621.53
depthUpdate,ethusdt@depth5,1662123424864,1662123424859,1621.48,1621.49
depthUpdate,ethusdt@depth5,1662123425114,1662123425109,1621.27,1621.30
depthUpdate,ethusdt@depth5,1662123425364,1662123425359,1621.50,1621.51
depthUpdate,ethusdt@depth5,1662123425614,1662123425603,1621.52,1621.53
depthUpdate,ethusdt@depth5,1662123425865,1662123425862,1621.52,1621.53
depthUpdate,ethusdt@depth5,1662123426116,1662123426109,1621.40,1621.41
depthUpdate,ethusdt@depth5,1662123426366,1662123426360,1621.47,1621.49
depthUpdate,ethusdt@depth5,1662123426616,1662123426610,1621.48,1621.49
depthUpdate,ethusdt@depth5,1662123426867,1662123426860,1621.47,1621.48
depthUpdate,ethusdt@depth5,1662123427119,1662123427109,1621.28,1621.29
depthUpdate,ethusdt@depth5,1662123427369,1662123427364,1621.48,1621.49
depthUpdate,ethusdt@depth5,1662123427620,1662123427613,1621.48,1621.49
depthUpdate,ethusdt@depth5,1662123427870,1662123427866,1621.48,1621.49
depthUpdate,ethusdt@depth5,1662123428121,1662123428116,1621.85,1621.86
depthUpdate,ethusdt@depth5,1662123428372,1662123428365,1621.76,1621.77
depthUpdate,ethusdt@depth5,1662123428622,1662123428613,1621.76,1621.77
depthUpdate,ethusdt@depth5,1662123428872,1662123428864,1621.87,1621.88
depthUpdate,ethusdt@depth5,1662123429122,1662123429117,1621.87,1621.88
depthUpdate,ethusdt@depth5,1662123429373,1662123429366,1621.66,1621.67
depthUpdate,ethusdt@depth5,1662123429623,1662123429615,1621.66,1621.67
depthUpdate,ethusdt@depth5,1662123429874,1662123429869,1621.66,1621.67
depthUpdate,ethusdt@depth5,1662123430125,1662123430118,1621.48,1621.49
depthUpdate,ethusdt@depth5,1662123430375,1662123430363,1621.01,1621.02
depthUpdate,ethusdt@depth5,1662123430626,1662123430619,1621.01,1621.02
depthUpdate,ethusdt@depth5,1662123430876,1662123430871,1620.84,1620.85
depthUpdate,ethusdt@depth5,1662123431129,1662123431125,1621.00,1621.01
depthUpdate,ethusdt@depth5,1662123431379,1662123431374,1621.00,1621.01
depthUpdate,ethusdt@depth5,1662123431630,1662123431623,1621.00,1621.01
depthUpdate,ethusdt@depth5,1662123431880,1662123431875,1620.89,1620.90
depthUpdate,ethusdt@depth5,1662123432130,1662123432125,1620.84,1620.85
depthUpdate,ethusdt@depth5,1662123432381,1662123432375,1620.89,1620.90
depthUpdate,ethusdt@depth5,1662123432631,1662123432627,1621.04,1621.05
depthUpdate,ethusdt@depth5,1662123432884,1662123432878,1620.83,1620.84
depthUpdate,ethusdt@depth5,1662123433134,1662123433129,1620.83,1620.84
depthUpdate,ethusdt@depth5,1662123433384,1662123433378,1620.83,1620.84
depthUpdate,ethusdt@depth5,1662123433635,1662123433626,1620.83,1620.84
depthUpdate,ethusdt@depth5,1662123433885,1662123433880,1621.04,1621.05
depthUpdate,ethusdt@depth5,1662123434136,1662123434129,1620.85,1620.86
depthUpdate,ethusdt@depth5,1662123434386,1662123434380,1620.72,1620.73
depthUpdate,ethusdt@depth5,1662123434637,1662123434631,1620.87,1620.88
depthUpdate,ethusdt@depth5,1662123434887,1662123434880,1620.87,1620.88
depthUpdate,ethusdt@depth5,1662123435137,1662123435129,1620.87,1620.88
depthUpdate,ethusdt@depth5,1662123435390,1662123435386,1620.87,1620.88
depthUpdate,ethusdt@depth5,1662123435641,1662123435630,1620.54,1620.55
depthUpdate,ethusdt@depth5,1662123435891,1662123435885,1620.54,1620.55
depthUpdate,ethusdt@depth5,1662123436141,1662123436134,1620.54,1620.55
depthUpdate,ethusdt@depth5,1662123436391,1662123436384,1620.54,1620.55
depthUpdate,ethusdt@depth5,1662123436641,1662123436634,1620.54,1620.55
depthUpdate,ethusdt@depth5,1662123436891,1662123436886,1620.54,1620.55
depthUpdate,ethusdt@depth5,1662123437142,1662123437109,1620.30,1620.31
depthUpdate,ethusdt@depth5,1662123437392,1662123437387,1620.30,1620.67
depthUpdate,ethusdt@depth5,1662123437642,1662123437636,1620.52,1620.53
depthUpdate,ethusdt@depth5,1662123437892,1662123437884,1620.41,1620.42
depthUpdate,ethusdt@depth5,1662123438142,1662123438136,1620.41,1620.42
depthUpdate,ethusdt@depth5,1662123438392,1662123438386,1620.51,1620.52
depthUpdate,ethusdt@depth5,1662123438642,1662123438625,1621.14,1621.15
depthUpdate,ethusdt@depth5,1662123438892,1662123438886,1621.00,1621.01
depthUpdate,ethusdt@depth5,1662123439143,1662123439138,1621.00,1621.01
depthUpdate,ethusdt@depth5,1662123439393,1662123439386,1621.00,1621.01
depthUpdate,ethusdt@depth5,1662123439643,1662123439631,1621.43,1621.44
depthUpdate,ethusdt@depth5,1662123439893,1662123439886,1621.51,1621.52
depthUpdate,ethusdt@depth5,1662123440144,1662123440138,1621.55,1621.56
depthUpdate,ethusdt@depth5,1662123440394,1662123440389,1621.75,1621.76
depthUpdate,ethusdt@depth5,1662123440644,1662123440639,1621.87,1621.88
depthUpdate,ethusdt@depth5,1662123440895,1662123440886,1622.20,1622.21
depthUpdate,ethusdt@depth5,1662123441146,1662123441134,1622.34,1622.35
depthUpdate,ethusdt@depth5,1662123441396,1662123441392,1622.20,1622.21
depthUpdate,ethusdt@depth5,1662123441647,1662123441641,1622.12,1622.13
depthUpdate,ethusdt@depth5,1662123441897,1662123441890,1622.12,1622.13
depthUpdate,ethusdt@depth5,1662123442147,1662123442139,1622.12,1622.13
depthUpdate,ethusdt@depth5,1662123442398,1662123442390,1622.12,1622.13
depthUpdate,ethusdt@depth5,1662123442649,1662123442645,1622.10,1622.11
depthUpdate,ethusdt@depth5,1662123442900,1662123442894,1621.91,1621.92
depthUpdate,ethusdt@depth5,1662123443150,1662123443144,1622.12,1622.13
depthUpdate,ethusdt@depth5,1662123443400,1662123443394,1622.12,1622.13
depthUpdate,ethusdt@depth5,1662123443651,1662123443647,1622.15,1622.16
depthUpdate,ethusdt@depth5,1662123443902,1662123443897,1622.21,1622.22
depthUpdate,ethusdt@depth5,1662123444152,1662123444147,1622.21,1622.22
depthUpdate,ethusdt@depth5,1662123444402,1662123444395,1622.27,1622.28
depthUpdate,ethusdt@depth5,1662123444653,1662123444648,1622.27,1622.28
depthUpdate,ethusdt@depth5,1662123444906,1662123444900,1622.15,1622.16
depthUpdate,ethusdt@depth5,1662123445156,1662123445150,1622.36,1622.37
depthUpdate,ethusdt@depth5,1662123445407,1662123445402,1622.20,1622.21
depthUpdate,ethusdt@depth5,1662123445658,1662123445652,1622.30,1622.31
depthUpdate,ethusdt@depth5,1662123445908,1662123445902,1622.30,1622.31
depthUpdate,ethusdt@depth5,1662123446158,1662123446152,1622.30,1622.31
depthUpdate,ethusdt@depth5,1662123446408,1662123446403,1622.30,1622.31
depthUpdate,ethusdt@depth5,1662123446658,1662123446653,1622.30,1622.31
depthUpdate,ethusdt@depth5,1662123446908,1662123446903,1622.30,1622.31
depthUpdate,ethusdt@depth5,1662123447159,1662123447151,1623.00,1623.02
depthUpdate,ethusdt@depth5,1662123447410,1662123447398,1623.04,1623.09
depthUpdate,ethusdt@depth5,1662123447660,1662123447654,1622.99,1623.00
depthUpdate,ethusdt@depth5,1662123447910,1662123447905,1622.99,1623.00
depthUpdate,ethusdt@depth5,1662123448161,1662123448156,1623.10,1623.11
depthUpdate,ethusdt@depth5,1662123448411,1662123448406,1623.10,1623.11
depthUpdate,ethusdt@depth5,1662123448662,1662123448654,1623.10,1623.11
depthUpdate,ethusdt@depth5,1662123448912,1662123448906,1623.10,1623.11
depthUpdate,ethusdt@depth5,1662123449163,1662123449155,1623.10,1623.11
depthUpdate,ethusdt@depth5,1662123449413,1662123449406,1623.29,1623.30
depthUpdate,ethusdt@depth5,1662123449665,1662123449659,1623.29,1623.30
depthUpdate,ethusdt@depth5,1662123449918,1662123449911,1623.29,1623.30
depthUpdate,ethusdt@depth5,1662123450169,1662123450165,1622.99,1623.00
depthUpdate,ethusdt@depth5,1662123450419,1662123450412,1622.87,1622.88
depthUpdate,ethusdt@depth5,1662123450669,1662123450662,1623.03,1623.04
depthUpdate,ethusdt@depth5,1662123450920,1662123450913,1623.03,1623.04
depthUpdate,ethusdt@depth5,1662123451172,1662123451166,1623.03,1623.04
depthUpdate,ethusdt@depth5,1662123451422,1662123451414,1623.03,1623.04
depthUpdate,ethusdt@depth5,1662123451672,1662123451667,1623.03,1623.04
depthUpdate,ethusdt@depth5,1662123451923,1662123451917,1623.16,1623.17
depthUpdate,ethusdt@depth5,1662123452173,1662123452165,1623.16,1623.17
depthUpdate,ethusdt@depth5,1662123452423,1662123452418,1623.29,1623.30
depthUpdate,ethusdt@depth5,1662123452673,1662123452667,1623.35,1623.36
depthUpdate,ethusdt@depth5,1662123452923,1662123452918,1623.36,1623.37
depthUpdate,ethusdt@depth5,1662123453173,1662123453167,1623.36,1623.37
depthUpdate,ethusdt@depth5,1662123453423,1662123453417,1623.36,1623.37
depthUpdate,ethusdt@depth5,1662123453673,1662123453668,1623.49,1623.50
depthUpdate,ethusdt@depth5,1662123453923,1662123453917,1623.58,1623.59
depthUpdate,ethusdt@depth5,1662123454173,1662123454168,1623.60,1623.61
depthUpdate,ethusdt@depth5,1662123454423,1662123454418,1623.76,1623.77
depthUpdate,ethusdt@depth5,1662123454676,1662123454672,1623.76,1623.77
depthUpdate,ethusdt@depth5,1662123454927,1662123454921,1623.76,1623.77
depthUpdate,ethusdt@depth5,1662123455177,1662123455170,1623.76,1623.77
depthUpdate,ethusdt@depth5,1662123455428,1662123455423,1623.58,1623.59
depthUpdate,ethusdt@depth5,1662123455678,1662123455672,1623.58,1623.59
depthUpdate,ethusdt@depth5,1662123455930,1662123455924,1623.58,1623.59
depthUpdate,ethusdt@depth5,1662123456180,1662123456173,1623.65,1623.66
depthUpdate,ethusdt@depth5,1662123456430,1662123456423,1623.56,1623.57
depthUpdate,ethusdt@depth5,1662123456681,1662123456677,1623.45,1623.46
depthUpdate,ethusdt@depth5,1662123456932,1662123456928,1623.45,1623.46
depthUpdate,ethusdt@depth5,1662123457182,1662123457177,1623.37,1623.38
depthUpdate,ethusdt@depth5,1662123457433,1662123457408,1623.37,1623.38
depthUpdate,ethusdt@depth5,1662123457706,1662123457701,1623.43,1623.44
depthUpdate,ethusdt@depth5,1662123457957,1662123457953,1623.36,1623.37
depthUpdate,ethusdt@depth5,1662123458208,1662123458200,1623.30,1623.31
depthUpdate,ethusdt@depth5,1662123458461,1662123458456,1623.30,1623.31
depthUpdate,ethusdt@depth5,1662123458712,1662123458706,1623.19,1623.20
depthUpdate,ethusdt@depth5,1662123458963,1662123458956,1623.19,1623.20
depthUpdate,ethusdt@depth5,1662123459214,1662123459210,1623.26,1623.27
depthUpdate,ethusdt@depth5,1662123459466,1662123459460,1623.15,1623.16
depthUpdate,ethusdt@depth5,1662123459716,1662123459711,1623.26,1623.27
depthUpdate,ethusdt@depth5,1662123459967,1662123459959,1623.03,1623.04
depthUpdate,ethusdt@depth5,1662123460219,1662123460213,1623.21,1623.22
depthUpdate,ethusdt@depth5,1662123460470,1662123460453,1623.53,1623.56
depthUpdate,ethusdt@depth5,1662123460727,1662123460716,1623.30,1623.35
depthUpdate,ethusdt@depth5,1662123460977,1662123460972,1623.06,1623.07
depthUpdate,ethusdt@depth5,1662123461227,1662123461223,1623.06,1623.07
depthUpdate,ethusdt@depth5,1662123461477,1662123461471,1623.11,1623.12
depthUpdate,ethusdt@depth5,1662123461727,1662123461721,1623.11,1623.12
depthUpdate,ethusdt@depth5,1662123461977,1662123461971,1623.11,1623.12
depthUpdate,ethusdt@depth5,1662123462228,1662123462222,1623.24,1623.25
depthUpdate,ethusdt@depth5,1662123462478,1662123462471,1623.01,1623.05
depthUpdate,ethusdt@depth5,1662123462728,1662123462722,1623.06,1623.08
depthUpdate,ethusdt@depth5,1662123462979,1662123462974,1623.24,1623.25
depthUpdate,ethusdt@depth5,1662123463230,1662123463224,1623.40,1623.41
depthUpdate,ethusdt@depth5,1662123463481,1662123463474,1623.40,1623.41
depthUpdate,ethusdt@depth5,1662123463731,1662123463723,1623.40,1623.41
depthUpdate,ethusdt@depth5,1662123463981,1662123463976,1623.40,1623.41
depthUpdate,ethusdt@depth5,1662123464231,1662123464225,1623.47,1623.48
depthUpdate,ethusdt@depth5,1662123464481,1662123464475,1623.47,1623.48
depthUpdate,ethusdt@depth5,1662123464731,1662123464726,1623.36,1623.37
depthUpdate,ethusdt@depth5,1662123464982,1662123464976,1623.20,1623.21
depthUpdate,ethusdt@depth5,1662123465232,1662123465227,1623.22,1623.23
depthUpdate,ethusdt@depth5,1662123465483,1662123465475,1622.92,1622.93
depthUpdate,ethusdt@depth5,1662123465733,1662123465727,1622.81,1622.93
depthUpdate,ethusdt@depth5,1662123465984,1662123465980,1622.98,1622.99
depthUpdate,ethusdt@depth5,1662123466234,1662123466228,1622.83,1622.84
depthUpdate,ethusdt@depth5,1662123466484,1662123466478,1622.82,1622.83
depthUpdate,ethusdt@depth5,1662123466736,1662123466730,1622.77,1622.78
depthUpdate,ethusdt@depth5,1662123466987,1662123466981,1622.50,1622.51
depthUpdate,ethusdt@depth5,1662123467237,1662123467231,1622.50,1622.51
depthUpdate,ethusdt@depth5,1662123467487,1662123467482,1622.50,1622.51
depthUpdate,ethusdt@depth5,1662123467737,1662123467731,1622.54,1622.55
depthUpdate,ethusdt@depth5,1662123467988,1662123467981,1622.84,1622.85
depthUpdate,ethusdt@depth5,1662123468238,1662123468232,1623.07,1623.08
depthUpdate,ethusdt@depth5,1662123468488,1662123468481,1623.07,1623.08
depthUpdate,ethusdt@depth5,1662123468738,1662123468732,1622.84,1622.85
depthUpdate,ethusdt@depth5,1662123468988,1662123468981,1622.84,1622.85
depthUpdate,ethusdt@depth5,1662123469239,1662123469233,1622.84,1622.85
depthUpdate,ethusdt@depth5,1662123469489,1662123469483,1622.84,1622.85
depthUpdate,ethusdt@depth5,1662123469739,1662123469733,1622.58,1622.59
depthUpdate,ethusdt@depth5,1662123469989,1662123469981,1622.30,1622.31
depthUpdate,ethusdt@depth5,1662123470239,1662123470234,1622.30,1622.31
depthUpdate,ethusdt@depth5,1662123470489,1662123470481,1622.50,1622.51
depthUpdate,ethusdt@depth5,1662123470739,1662123470733,1622.50,1622.51
depthUpdate,ethusdt@depth5,1662123470990,1662123470980,1623.36,1623.37
depthUpdate,ethusdt@depth5,1662123471240,1662123471233,1622.95,1623.01
depthUpdate,ethusdt@depth5,1662123471490,1662123471485,1623.20,1623.21
depthUpdate,ethusdt@depth5,1662123471740,1662123471735,1623.20,1623.21
depthUpdate,ethusdt@depth5,1662123471991,1662123471986,1623.20,1623.21
depthUpdate,ethusdt@depth5,1662123472241,1662123472237,1623.16,1623.17
depthUpdate,ethusdt@depth5,1662123472492,1662123472487,1622.97,1623.00
depthUpdate,ethusdt@depth5,1662123472742,1662123472737,1623.16,1623.17
depthUpdate,ethusdt@depth5,1662123472993,1662123472987,1623.10,1623.11
depthUpdate,ethusdt@depth5,1662123473243,1662123473238,1623.35,1623.36
depthUpdate,ethusdt@depth5,1662123473494,1662123473488,1623.25,1623.26
depthUpdate,ethusdt@depth5,1662123473746,1662123473741,1623.12,1623.13
depthUpdate,ethusdt@depth5,1662123473996,1662123473988,1623.36,1623.37
depthUpdate,ethusdt@depth5,1662123474246,1662123474239,1623.64,1623.65
depthUpdate,ethusdt@depth5,1662123474498,1662123474493,1623.43,1623.44
depthUpdate,ethusdt@depth5,1662123474750,1662123474745,1623.43,1623.44
depthUpdate,ethusdt@depth5,1662123475002,1662123474996,1623.16,1623.17
depthUpdate,ethusdt@depth5,1662123475252,1662123475246,1623.42,1623.43
depthUpdate,ethusdt@depth5,1662123475503,1662123475496,1623.42,1623.43
depthUpdate,ethusdt@depth5,1662123475753,1662123475746,1623.42,1623.43
depthUpdate,ethusdt@depth5,1662123476004,1662123475998,1623.42,1623.43
depthUpdate,ethusdt@depth5,1662123476254,1662123476250,1623.62,1623.63
depthUpdate,ethusdt@depth5,1662123476504,1662123476499,1623.49,1623.50
depthUpdate,ethusdt@depth5,1662123476755,1662123476748,1623.67,1623.68
depthUpdate,ethusdt@depth5,1662123477005,1662123477001,1623.89,1623.90
depthUpdate,ethusdt@depth5,1662123477258,1662123477254,1623.89,1623.90
depthUpdate,ethusdt@depth5,1662123477508,1662123477502,1623.89,1623.90
depthUpdate,ethusdt@depth5,1662123477759,1662123477753,1623.80,1623.81
depthUpdate,ethusdt@depth5,1662123478009,1662123478001,1623.49,1623.50
depthUpdate,ethusdt@depth5,1662123478259,1662123478253,1623.44,1623.45
depthUpdate,ethusdt@depth5,1662123478510,1662123478506,1623.42,1623.43
depthUpdate,ethusdt@depth5,1662123478760,1662123478757,1623.42,1623.43
depthUpdate,ethusdt@depth5,1662123479011,1662123479004,1623.39,1623.40
depthUpdate,ethusdt@depth5,1662123479261,1662123479241,1622.83,1622.86
depthUpdate,ethusdt@depth5,1662123479511,1662123479506,1622.72,1622.73
depthUpdate,ethusdt@depth5,1662123479762,1662123479755,1622.75,1622.76
depthUpdate,ethusdt@depth5,1662123480013,1662123480007,1622.85,1622.90
depthUpdate,ethusdt@depth5,1662123480264,1662123480260,1622.70,1622.71
depthUpdate,ethusdt@depth5,1662123480514,1662123480508,1622.77,1622.79
depthUpdate,ethusdt@depth5,1662123480764,1662123480758,1622.77,1622.78
depthUpdate,ethusdt@depth5,1662123481014,1662123481006,1622.96,1622.97
depthUpdate,ethusdt@depth5,1662123481264,1662123481257,1622.96,1622.97
depthUpdate,ethusdt@depth5,1662123481514,1662123481507,1622.96,1622.97
depthUpdate,ethusdt@depth5,1662123481764,1662123481757,1622.96,1622.97
depthUpdate,ethusdt@depth5,1662123482014,1662123482008,1623.15,1623.16
depthUpdate,ethusdt@depth5,1662123482264,1662123482258,1623.25,1623.26
depthUpdate,ethusdt@depth5,1662123482514,1662123482507,1623.25,1623.26
depthUpdate,ethusdt@depth5,1662123482765,1662123482760,1623.25,1623.26
depthUpdate,ethusdt@depth5,1662123483016,1662123483010,1623.56,1623.58
depthUpdate,ethusdt@depth5,1662123483268,1662123483264,1623.52,1623.53
depthUpdate,ethusdt@depth5,1662123483519,1662123483515,1623.39,1623.40
depthUpdate,ethusdt@depth5,1662123483772,1662123483767,1623.25,1623.26
depthUpdate,ethusdt@depth5,1662123484023,1662123484013,1623.25,1623.26
depthUpdate,ethusdt@depth5,1662123484274,1662123484267,1623.25,1623.26
depthUpdate,ethusdt@depth5,1662123484524,1662123484519,1623.44,1623.45
depthUpdate,ethusdt@depth5,1662123484774,1662123484768,1623.44,1623.45
depthUpdate,ethusdt@depth5,1662123485025,1662123485020,1623.43,1623.44
depthUpdate,ethusdt@depth5,1662123485276,1662123485272,1623.52,1623.53
depthUpdate,ethusdt@depth5,1662123485528,1662123485522,1623.36,1623.37
depthUpdate,ethusdt@depth5,1662123485780,1662123485775,1623.25,1623.26
depthUpdate,ethusdt@depth5,1662123486031,1662123486025,1623.36,1623.37
depthUpdate,ethusdt@depth5,1662123486281,1662123486277,1623.35,1623.36
depthUpdate,ethusdt@depth5,1662123486532,1662123486527,1623.22,1623.23
depthUpdate,ethusdt@depth5,1662123486782,1662123486761,1622.92,1622.93
depthUpdate,ethusdt@depth5,1662123487032,1662123487026,1622.93,1622.94
depthUpdate,ethusdt@depth5,1662123487282,1662123487276,1623.08,1623.09
depthUpdate,ethusdt@depth5,1662123487532,1662123487526,1622.94,1622.95
depthUpdate,ethusdt@depth5,1662123487784,1662123487778,1622.94,1622.95
depthUpdate,ethusdt@depth5,1662123488036,1662123488030,1622.94,1622.95
depthUpdate,ethusdt@depth5,1662123488286,1662123488282,1622.83,1622.84
depthUpdate,ethusdt@depth5,1662123488537,1662123488529,1623.09,1623.10
depthUpdate,ethusdt@depth5,1662123488788,1662123488781,1622.98,1622.99
depthUpdate,ethusdt@depth5,1662123489038,1662123489030,1622.98,1622.99
depthUpdate,ethusdt@depth5,1662123489288,1662123489282,1622.93,1622.94
depthUpdate,ethusdt@depth5,1662123489542,1662123489536,1622.59,1622.60
depthUpdate,ethusdt@depth5,1662123489794,1662123489788,1622.67,1622.68
depthUpdate,ethusdt@depth5,1662123490045,1662123490039,1622.67,1622.68
depthUpdate,ethusdt@depth5,1662123490295,1662123490288,1622.91,1622.92
depthUpdate,ethusdt@depth5,1662123490545,1662123490540,1622.91,1622.92
depthUpdate,ethusdt@depth5,1662123490796,1662123490790,1622.99,1623.00
depthUpdate,ethusdt@depth5,1662123491046,1662123491040,1623.16,1623.17
depthUpdate,ethusdt@depth5,1662123491296,1662123491289,1623.16,1623.17
depthUpdate,ethusdt@depth5,1662123491546,1662123491540,1623.16,1623.17
depthUpdate,ethusdt@depth5,1662123491796,1662123491789,1623.46,1623.49
depthUpdate,ethusdt@depth5,1662123492047,1662123492041,1623.63,1623.64
depthUpdate,ethusdt@depth5,1662123492297,1662123492290,1623.63,1623.64
depthUpdate,ethusdt@depth5,1662123492547,1662123492542,1623.63,1623.64
depthUpdate,ethusdt@depth5,1662123492800,1662123492794,1623.65,1623.70
depthUpdate,ethusdt@depth5,1662123493052,1662123493043,1623.73,1623.74
depthUpdate,ethusdt@depth5,1662123493302,1662123493293,1623.99,1624.00
depthUpdate,ethusdt@depth5,1662123493552,1662123493546,1623.99,1624.00
depthUpdate,ethusdt@depth5,1662123493803,1662123493797,1623.98,1623.99
depthUpdate,ethusdt@depth5,1662123494055,1662123494050,1623.85,1623.86
depthUpdate,ethusdt@depth5,1662123494306,1662123494300,1623.85,1623.86
depthUpdate,ethusdt@depth5,1662123494557,1662123494550,1623.99,1624.00
depthUpdate,ethusdt@depth5,1662123494807,1662123494801,1623.99,1624.00
depthUpdate,ethusdt@depth5,1662123495059,1662123495055,1623.82,1623.83
depthUpdate,ethusdt@depth5,1662123495310,1662123495306,1623.82,1623.83
depthUpdate,ethusdt@depth5,1662123495561,1662123495556,1623.82,1623.83
depthUpdate,ethusdt@depth5,1662123495812,1662123495806,1623.66,1623.67
depthUpdate,ethusdt@depth5,1662123496062,1662123496057,1623.88,1623.89
depthUpdate,ethusdt@depth5,1662123496312,1662123496304,1623.70,1623.71
depthUpdate,ethusdt@depth5,1662123496563,1662123496557,1624.22,1624.23
depthUpdate,ethusdt@depth5,1662123496813,1662123496806,1624.11,1624.12
depthUpdate,ethusdt@depth5,1662123497064,1662123497058,1624.28,1624.29
depthUpdate,ethusdt@depth5,1662123497314,1662123497308,1624.05,1624.06
depthUpdate,ethusdt@depth5,1662123497564,1662123497557,1624.46,1624.47
depthUpdate,ethusdt@depth5,1662123497814,1662123497808,1624.46,1624.47
depthUpdate,ethusdt@depth5,1662123498064,1662123498059,1624.50,1624.51
depthUpdate,ethusdt@depth5,1662123498315,1662123498311,1624.50,1624.51
depthUpdate,ethusdt@depth5,1662123498566,1662123498560,1624.38,1624.39
depthUpdate,ethusdt@depth5,1662123498816,1662123498810,1624.37,1624.38
depthUpdate,ethusdt@depth5,1662123499067,1662123499062,1624.25,1624.26
depthUpdate,ethusdt@depth5,1662123499317,1662123499313,1624.25,1624.26
depthUpdate,ethusdt@depth5,1662123499568,1662123499562,1624.26,1624.27
depthUpdate,ethusdt@depth5,1662123499818,1662123499811,1624.47,1624.48
depthUpdate,ethusdt@depth5,1662123500068,1662123500062,1624.46,1624.47
depthUpdate,ethusdt@depth5,1662123500318,1662123500310,1624.45,1624.46
depthUpdate,ethusdt@depth5,1662123500569,1662123500561,1624.37,1624.38
depthUpdate,ethusdt@depth5,1662123500820,1662123500813,1624.61,1624.62
depthUpdate,ethusdt@depth5,1662123501070,1662123501048,1624.85,1624.86
depthUpdate,ethusdt@depth5,1662123501320,1662123501315,1624.69,1624.70
depthUpdate,ethusdt@depth5,1662123501571,1662123501564,1624.63,1624.64
depthUpdate,ethusdt@depth5,1662123501821,1662123501813,1624.65,1624.66
depthUpdate,ethusdt@depth5,1662123502072,1662123502065,1624.65,1624.66
depthUpdate,ethusdt@depth5,1662123502322,1662123502317,1624.69,1624.70
depthUpdate,ethusdt@depth5,1662123502573,1662123502567,1624.56,1624.57
depthUpdate,ethusdt@depth5,1662123502824,1662123502815,1624.56,1624.57
depthUpdate,ethusdt@depth5,1662123503074,1662123503068,1624.51,1624.57
depthUpdate,ethusdt@depth5,1662123503325,1662123503318,1624.30,1624.31
depthUpdate,ethusdt@depth5,1662123503575,1662123503569,1624.27,1624.28
depthUpdate,ethusdt@depth5,1662123503825,1662123503819,1624.27,1624.28
depthUpdate,ethusdt@depth5,1662123504076,1662123504070,1624.28,1624.29
depthUpdate,ethusdt@depth5,1662123504326,1662123504321,1624.49,1624.50
depthUpdate,ethusdt@depth5,1662123504576,1662123504571,1624.70,1624.71
depthUpdate,ethusdt@depth5,1662123504826,1662123504820,1624.60,1624.61
depthUpdate,ethusdt@depth5,1662123505076,1662123505072,1624.59,1624.60
depthUpdate,ethusdt@depth5,1662123505327,1662123505321,1624.59,1624.60
depthUpdate,ethusdt@depth5,1662123505577,1662123505571,1624.59,1624.60
depthUpdate,ethusdt@depth5,1662123505829,1662123505825,1624.66,1624.67
depthUpdate,ethusdt@depth5,1662123506080,1662123506075,1624.67,1624.68
depthUpdate,ethusdt@depth5,1662123506331,1662123506324,1624.67,1624.68
depthUpdate,ethusdt@depth5,1662123506582,1662123506577,1624.67,1624.68
depthUpdate,ethusdt@depth5,1662123506834,1662123506828,1624.60,1624.61
depthUpdate,ethusdt@depth5,1662123507084,1662123507079,1624.79,1624.80
depthUpdate,ethusdt@depth5,1662123507336,1662123507329,1624.85,1624.86
depthUpdate,ethusdt@depth5,1662123507586,1662123507581,1624.63,1624.64
depthUpdate,ethusdt@depth5,1662123507836,1662123507829,1624.67,1624.68
depthUpdate,ethusdt@depth5,1662123508087,1662123508081,1624.76,1624.77
depthUpdate,ethusdt@depth5,1662123508338,1662123508332,1624.66,1624.67
depthUpdate,ethusdt@depth5,1662123508591,1662123508586,1624.99,1625.00
depthUpdate,ethusdt@depth5,1662123508842,1662123508834,1624.99,1625.00
depthUpdate,ethusdt@depth5,1662123509095,1662123509089,1624.99,1625.00
depthUpdate,ethusdt@depth5,1662123509348,1662123509343,1624.76,1624.77
depthUpdate,ethusdt@depth5,1662123509598,1662123509594,1624.49,1624.50
depthUpdate,ethusdt@depth5,1662123509848,1662123509843,1624.44,1624.45
depthUpdate,ethusdt@depth5,1662123510099,1662123510094,1624.44,1624.45
depthUpdate,ethusdt@depth5,1662123510350,1662123510345,1624.44,1624.45
depthUpdate,ethusdt@depth5,1662123510601,1662123510595,1624.01,1624.03
depthUpdate,ethusdt@depth5,1662123510851,1662123510846,1624.00,1624.01
depthUpdate,ethusdt@depth5,1662123511101,1662123511096,1623.65,1623.66
depthUpdate,ethusdt@depth5,1662123511354,1662123511349,1623.74,1623.75
depthUpdate,ethusdt@depth5,1662123511604,1662123511599,1623.74,1623.75
depthUpdate,ethusdt@depth5,1662123511854,1662123511849,1623.65,1623.66
depthUpdate,ethusdt@depth5,1662123512109,1662123512102,1623.32,1623.50
depthUpdate,ethusdt@depth5,1662123512359,1662123512352,1623.33,1623.34
depthUpdate,ethusdt@depth5,1662123512609,1662123512605,1623.19,1623.20
depthUpdate,ethusdt@depth5,1662123512860,1662123512853,1623.29,1623.30
depthUpdate,ethusdt@depth5,1662123513110,1662123513105,1623.62,1623.63
depthUpdate,ethusdt@depth5,1662123513360,1662123513354,1623.46,1623.47
depthUpdate,ethusdt@depth5,1662123513610,1662123513604,1623.75,1623.76
depthUpdate,ethusdt@depth5,1662123513860,1662123513853,1623.80,1623.81
depthUpdate,ethusdt@depth5,1662123514110,1662123514104,1623.75,1623.76
depthUpdate,ethusdt@depth5,1662123514360,1662123514354,1623.75,1623.76
depthUpdate,ethusdt@depth5,1662123514610,1662123514605,1623.48,1623.49
depthUpdate,ethusdt@depth5,1662123514860,1662123514854,1623.73,1623.74
depthUpdate,ethusdt@depth5,1662123515110,1662123515105,1623.73,1623.74
depthUpdate,ethusdt@depth5,1662123515360,1662123515352,1623.73,1623.74
depthUpdate,ethusdt@depth5,1662123515610,1662123515604,1623.73,1623.74
depthUpdate,ethusdt@depth5,1662123515861,1662123515850,1623.89,1623.90
depthUpdate,ethusdt@depth5,1662123516111,1662123516104,1623.99,1624.00
depthUpdate,ethusdt@depth5,1662123516361,1662123516356,1623.99,1624.00
depthUpdate,ethusdt@depth5,1662123516612,1662123516604,1623.99,1624.00
depthUpdate,ethusdt@depth5,1662123516862,1662123516856,1623.99,1624.00
depthUpdate,ethusdt@depth5,1662123517112,1662123517106,1623.99,1624.00
depthUpdate,ethusdt@depth5,1662123517365,1662123517361,1623.99,1624.00
depthUpdate,ethusdt@depth5,1662123517617,1662123517612,1623.99,1624.00
depthUpdate,ethusdt@depth5,1662123517867,1662123517860,1624.27,1624.28
depthUpdate,ethusdt@depth5,1662123518117,1662123518112,1624.18,1624.19
depthUpdate,ethusdt@depth5,1662123518370,1662123518359,1624.18,1624.19
depthUpdate,ethusdt@depth5,1662123518624,1662123518617,1624.18,1624.19
depthUpdate,ethusdt@depth5,1662123518874,1662123518869,1624.09,1624.10
depthUpdate,ethusdt@depth5,1662123519124,1662123519119,1624.18,1624.19
depthUpdate,ethusdt@depth5,1662123519374,1662123519368,1624.27,1624.28
depthUpdate,ethusdt@depth5,1662123519624,1662123519619,1624.06,1624.09
depthUpdate,ethusdt@depth5,1662123519875,1662123519870,1624.00,1624.01
depthUpdate,ethusdt@depth5,1662123520126,1662123520122,1624.00,1624.01
depthUpdate,ethusdt@depth5,1662123520381,1662123520369,1624.18,1624.20
depthUpdate,ethusdt@depth5,1662123520631,1662123520620,1624.49,1624.50
depthUpdate,ethusdt@depth5,1662123520882,1662123520877,1624.41,1624.42
depthUpdate,ethusdt@depth5,1662123521132,1662123521127,1624.41,1624.42
depthUpdate,ethusdt@depth5,1662123521382,1662123521376,1624.41,1624.42
depthUpdate,ethusdt@depth5,1662123521632,1662123521627,1624.41,1624.42
depthUpdate,ethusdt@depth5,1662123521884,1662123521880,1624.41,1624.42
depthUpdate,ethusdt@depth5,1662123522139,1662123522133,1624.41,1624.42
depthUpdate,ethusdt@depth5,1662123522389,1662123522383,1624.33,1624.34
depthUpdate,ethusdt@depth5,1662123522640,1662123522635,1624.33,1624.34
depthUpdate,ethusdt@depth5,1662123522892,1662123522887,1624.24,1624.25
depthUpdate,ethusdt@depth5,1662123523143,1662123523137,1624.24,1624.25
depthUpdate,ethusdt@depth5,1662123523393,1662123523387,1624.24,1624.25
depthUpdate,ethusdt@depth5,1662123523643,1662123523637,1624.24,1624.25
depthUpdate,ethusdt@depth5,1662123523893,1662123523885,1624.26,1624.27
depthUpdate,ethusdt@depth5,1662123524143,1662123524138,1624.20,1624.21
depthUpdate,ethusdt@depth5,1662123524394,1662123524389,1624.05,1624.06
depthUpdate,ethusdt@depth5,1662123524645,1662123524638,1624.40,1624.41
depthUpdate,ethusdt@depth5,1662123524895,1662123524891,1624.27,1624.28
depthUpdate,ethusdt@depth5,1662123525149,1662123525145,1624.27,1624.28
depthUpdate,ethusdt@depth5,1662123525400,1662123525395,1624.05,1624.06
depthUpdate,ethusdt@depth5,1662123525650,1662123525642,1623.99,1624.00
depthUpdate,ethusdt@depth5,1662123525900,1662123525895,1623.99,1624.00
depthUpdate,ethusdt@depth5,1662123526153,1662123526147,1623.49,1623.60
depthUpdate,ethusdt@depth5,1662123526404,1662123526400,1623.75,1623.76
depthUpdate,ethusdt@depth5,1662123526655,1662123526648,1623.51,1623.52
depthUpdate,ethusdt@depth5,1662123526905,1662123526900,1623.61,1623.62
depthUpdate,ethusdt@depth5,1662123527156,1662123527151,1623.61,1623.62
depthUpdate,ethusdt@depth5,1662123527406,1662123527400,1623.61,1623.62
depthUpdate,ethusdt@depth5,1662123527656,1662123527651,1623.34,1623.62
depthUpdate,ethusdt@depth5,1662123527907,1662123527902,1623.43,1623.44
depthUpdate,ethusdt@depth5,1662123528157,1662123528150,1623.21,1623.22
depthUpdate,ethusdt@depth5,1662123528407,1662123528401,1623.00,1623.01
depthUpdate,ethusdt@depth5,1662123528657,1662123528651,1623.00,1623.01
depthUpdate,ethusdt@depth5,1662123528907,1662123528902,1623.00,1623.01
depthUpdate,ethusdt@depth5,1662123529158,1662123529151,1623.10,1623.11
depthUpdate,ethusdt@depth5,1662123529408,1662123529402,1623.00,1623.01
depthUpdate,ethusdt@depth5,1662123529659,1662123529653,1623.01,1623.02
depthUpdate,ethusdt@depth5,1662123529909,1662123529903,1623.17,1623.18
depthUpdate,ethusdt@depth5,1662123530160,1662123530154,1622.90,1622.91
depthUpdate,ethusdt@depth5,1662123530410,1662123530403,1622.86,1622.91
depthUpdate,ethusdt@depth5,1662123530662,1662123530656,1622.75,1622.76
depthUpdate,ethusdt@depth5,1662123530912,1662123530907,1622.65,1622.70
depthUpdate,ethusdt@depth5,1662123531163,1662123531158,1622.93,1622.94
depthUpdate,ethusdt@depth5,1662123531414,1662123531407,1622.93,1622.94
depthUpdate,ethusdt@depth5,1662123531664,1662123531659,1622.81,1622.82
depthUpdate,ethusdt@depth5,1662123531914,1662123531906,1622.80,1622.81
depthUpdate,ethusdt@depth5,1662123532164,1662123532158,1623.05,1623.06
depthUpdate,ethusdt@depth5,1662123532414,1662123532410,1623.05,1623.06
depthUpdate,ethusdt@depth5,1662123532665,1662123532659,1623.05,1623.06
depthUpdate,ethusdt@depth5,1662123532916,1662123532908,1623.05,1623.06
depthUpdate,ethusdt@depth5,1662123533166,1662123533161,1622.80,1622.81
depthUpdate,ethusdt@depth5,1662123533418,1662123533414,1622.80,1622.81
depthUpdate,ethusdt@depth5,1662123533669,1662123533664,1623.05,1623.06
depthUpdate,ethusdt@depth5,1662123533921,1662123533915,1623.09,1623.10
depthUpdate,ethusdt@depth5,1662123534171,1662123534164,1623.09,1623.10
depthUpdate,ethusdt@depth5,1662123534421,1662123534415,1622.91,1622.92
depthUpdate,ethusdt@depth5,1662123534672,1662123534665,1622.90,1622.91
depthUpdate,ethusdt@depth5,1662123534922,1662123534915,1622.90,1622.91
depthUpdate,ethusdt@depth5,1662123535172,1662123535166,1622.66,1622.67
depthUpdate,ethusdt@depth5,1662123535423,1662123535410,1622.51,1622.52
depthUpdate,ethusdt@depth5,1662123535673,1662123535665,1622.20,1622.21
depthUpdate,ethusdt@depth5,1662123535924,1662123535919,1622.50,1622.51
depthUpdate,ethusdt@depth5,1662123536174,1662123536166,1622.50,1622.51
depthUpdate,ethusdt@depth5,1662123536424,1662123536416,1622.50,1622.51
depthUpdate,ethusdt@depth5,1662123536674,1662123536667,1622.50,1622.51
depthUpdate,ethusdt@depth5,1662123536928,1662123536922,1622.50,1622.51
depthUpdate,ethusdt@depth5,1662123537179,1662123537172,1622.05,1622.06
depthUpdate,ethusdt@depth5,1662123537429,1662123537423,1622.05,1622.06
depthUpdate,ethusdt@depth5,1662123537679,1662123537674,1622.05,1622.06
depthUpdate,ethusdt@depth5,1662123537932,1662123537928,1622.24,1622.25
depthUpdate,ethusdt@depth5,1662123538185,1662123538180,1622.49,1622.50
depthUpdate,ethusdt@depth5,1662123538435,1662123538430,1622.49,1622.50
depthUpdate,ethusdt@depth5,1662123538685,1662123538676,1622.49,1622.50
depthUpdate,ethusdt@depth5,1662123538935,1662123538930,1622.49,1622.50
depthUpdate,ethusdt@depth5,1662123539188,1662123539183,1622.49,1622.50
depthUpdate,ethusdt@depth5,1662123539438,1662123539432,1622.49,1622.50
depthUpdate,ethusdt@depth5,1662123539690,1662123539685,1622.37,1622.39
depthUpdate,ethusdt@depth5,1662123539941,1662123539935,1622.29,1622.30
depthUpdate,ethusdt@depth5,1662123540191,1662123540186,1622.29,1622.30
depthUpdate,ethusdt@depth5,1662123540443,1662123540438,1622.29,1622.30
depthUpdate,ethusdt@depth5,1662123540693,1662123540687,1622.38,1622.39
depthUpdate,ethusdt@depth5,1662123540944,1662123540938,1622.51,1622.52
depthUpdate,ethusdt@depth5,1662123541194,1662123541189,1622.77,1622.78
depthUpdate,ethusdt@depth5,1662123541445,1662123541438,1622.77,1622.78
depthUpdate,ethusdt@depth5,1662123541695,1662123541688,1622.77,1622.78
depthUpdate,ethusdt@depth5,1662123541947,1662123541939,1622.77,1622.78
depthUpdate,ethusdt@depth5,1662123542197,1662123542188,1622.99,1623.00
depthUpdate,ethusdt@depth5,1662123542447,1662123542442,1623.28,1623.29
depthUpdate,ethusdt@depth5,1662123542697,1662123542690,1623.28,1623.29
depthUpdate,ethusdt@depth5,1662123542948,1662123542943,1623.28,1623.29
depthUpdate,ethusdt@depth5,1662123543201,1662123543196,1623.33,1623.41
depthUpdate,ethusdt@depth5,1662123543451,1662123543443,1623.41,1623.42
depthUpdate,ethusdt@depth5,1662123543701,1662123543694,1623.41,1623.42
depthUpdate,ethusdt@depth5,1662123543951,1662123543944,1623.41,1623.42
depthUpdate,ethusdt@depth5,1662123544201,1662123544196,1623.41,1623.42
depthUpdate,ethusdt@depth5,1662123544452,1662123544446,1623.51,1623.52
depthUpdate,ethusdt@depth5,1662123544702,1662123544696,1623.51,1623.52
depthUpdate,ethusdt@depth5,1662123544952,1662123544939,1623.60,1623.61
depthUpdate,ethusdt@depth5,1662123545202,1662123545197,1623.62,1623.63
depthUpdate,ethusdt@depth5,1662123545452,1662123545446,1623.76,1623.77
depthUpdate,ethusdt@depth5,1662123545702,1662123545693,1624.05,1624.06
depthUpdate,ethusdt@depth5,1662123545952,1662123545946,1624.05,1624.06
depthUpdate,ethusdt@depth5,1662123546202,1662123546198,1624.05,1624.06
depthUpdate,ethusdt@depth5,1662123546453,1662123546445,1624.25,1624.26
depthUpdate,ethusdt@depth5,1662123546703,1662123546699,1624.10,1624.11
depthUpdate,ethusdt@depth5,1662123546953,1662123546942,1624.10,1624.11
depthUpdate,ethusdt@depth5,1662123547203,1662123547198,1624.10,1624.11
depthUpdate,ethusdt@depth5,1662123547454,1662123547450,1624.10,1624.11
depthUpdate,ethusdt@depth5,1662123547706,1662123547700,1624.19,1624.20
depthUpdate,ethusdt@depth5,1662123547957,1662123547953,1624.19,1624.20
depthUpdate,ethusdt@depth5,1662123548210,1662123548205,1623.99,1624.00
depthUpdate,ethusdt@depth5,1662123548463,1662123548456,1623.52,1623.57
depthUpdate,ethusdt@depth5,1662123548714,1662123548708,1623.52,1623.53
depthUpdate,ethusdt@depth5,1662123548964,1662123548958,1623.52,1623.53
depthUpdate,ethusdt@depth5,1662123549216,1662123549210,1623.52,1623.53
depthUpdate,ethusdt@depth5,1662123549466,1662123549458,1623.52,1623.53
depthUpdate,ethusdt@depth5,1662123549717,1662123549711,1623.42,1623.43
depthUpdate,ethusdt@depth5,1662123549967,1662123549961,1623.10,1623.11
depthUpdate,ethusdt@depth5,1662123550219,1662123550212,1623.10,1623.11
depthUpdate,ethusdt@depth5,1662123550472,1662123550462,1623.10,1623.11
depthUpdate,ethusdt@depth5,1662123550723,1662123550717,1623.37,1623.38
depthUpdate,ethusdt@depth5,1662123550973,1662123550968,1623.37,1623.38
depthUpdate,ethusdt@depth5,1662123551224,1662123551217,1623.37,1623.38
depthUpdate,ethusdt@depth5,1662123551476,1662123551469,1623.37,1623.38
depthUpdate,ethusdt@depth5,1662123551726,1662123551718,1623.37,1623.38
depthUpdate,ethusdt@depth5,1662123551976,1662123551971,1623.46,1623.47
depthUpdate,ethusdt@depth5,1662123552228,1662123552223,1623.51,1623.52
depthUpdate,ethusdt@depth5,1662123552478,1662123552474,1623.61,1623.63
depthUpdate,ethusdt@depth5,1662123552728,1662123552722,1623.72,1623.73
depthUpdate,ethusdt@depth5,1662123552978,1662123552972,1623.72,1623.73
depthUpdate,ethusdt@depth5,1662123553228,1662123553223,1623.73,1623.74
depthUpdate,ethusdt@depth5,1662123553481,1662123553474,1623.73,1623.74
depthUpdate,ethusdt@depth5,1662123553731,1662123553726,1623.73,1623.74
depthUpdate,ethusdt@depth5,1662123553981,1662123553974,1623.92,1623.93
depthUpdate,ethusdt@depth5,1662123554233,1662123554228,1623.99,1624.00
depthUpdate,ethusdt@depth5,1662123554484,1662123554479,1623.99,1624.00
depthUpdate,ethusdt@depth5,1662123554735,1662123554728,1623.99,1624.00
depthUpdate,ethusdt@depth5,1662123554986,1662123554980,1623.99,1624.00
depthUpdate,ethusdt@depth5,1662123555236,1662123555230,1623.99,1624.00
depthUpdate,ethusdt@depth5,1662123555486,1662123555482,1623.99,1624.00
depthUpdate,ethusdt@depth5,1662123555739,1662123555733,1624.05,1624.06
depthUpdate,ethusdt@depth5,1662123555990,1662123555986,1624.39,1624.40
depthUpdate,ethusdt@depth5,1662123556240,1662123556235,1624.16,1624.17
depthUpdate,ethusdt@depth5,1662123556490,1662123556485,1624.16,1624.17
depthUpdate,ethusdt@depth5,1662123556741,1662123556732,1624.28,1624.29
depthUpdate,ethusdt@depth5,1662123556991,1662123556985,1624.29,1624.30
depthUpdate,ethusdt@depth5,1662123557243,1662123557237,1624.25,1624.26
depthUpdate,ethusdt@depth5,1662123557493,1662123557485,1624.16,1624.17
depthUpdate,ethusdt@depth5,1662123557743,1662123557738,1624.16,1624.17
depthUpdate,ethusdt@depth5,1662123557993,1662123557988,1624.32,1624.33
depthUpdate,ethusdt@depth5,1662123558245,1662123558239,1624.32,1624.33
depthUpdate,ethusdt@depth5,1662123558496,1662123558489,1624.27,1624.28
depthUpdate,ethusdt@depth5,1662123558746,1662123558742,1624.27,1624.28
depthUpdate,ethusdt@depth5,1662123558998,1662123558994,1624.27,1624.28
depthUpdate,ethusdt@depth5,1662123559248,1662123559241,1624.43,1624.44
depthUpdate,ethusdt@depth5,1662123559498,1662123559494,1623.99,1624.01
depthUpdate,ethusdt@depth5,1662123559748,1662123559743,1623.81,1623.85
depthUpdate,ethusdt@depth5,1662123559999,1662123559995,1623.61,1623.62
depthUpdate,ethusdt@depth5,1662123560249,1662123560243,1623.73,1623.74
depthUpdate,ethusdt@depth5,1662123560499,1662123560493,1623.85,1623.86
depthUpdate,ethusdt@depth5,1662123560749,1662123560743,1623.84,1623.85
depthUpdate,ethusdt@depth5,1662123560999,1662123560992,1623.84,1623.85
depthUpdate,ethusdt@depth5,1662123561250,1662123561243,1623.84,1623.85
depthUpdate,ethusdt@depth5,1662123561502,1662123561498,1623.84,1623.85
depthUpdate,ethusdt@depth5,1662123561753,1662123561746,1623.84,1623.85
depthUpdate,ethusdt@depth5,1662123562003,1662123561996,1623.84,1623.85
depthUpdate,ethusdt@depth5,1662123562254,1662123562249,1623.81,1623.82
depthUpdate,ethusdt@depth5,1662123562504,1662123562498,1623.73,1623.74
depthUpdate,ethusdt@depth5,1662123562754,1662123562748,1623.63,1623.64
depthUpdate,ethusdt@depth5,1662123563005,1662123562999,1623.63,1623.64
depthUpdate,ethusdt@depth5,1662123563256,1662123563249,1623.63,1623.64
depthUpdate,ethusdt@depth5,1662123563507,1662123563503,1623.63,1623.64
depthUpdate,ethusdt@depth5,1662123563758,1662123563751,1623.63,1623.64
depthUpdate,ethusdt@depth5,1662123564008,1662123564002,1623.63,1623.64
depthUpdate,ethusdt@depth5,1662123564259,1662123564254,1623.77,1623.78
depthUpdate,ethusdt@depth5,1662123564509,1662123564503,1623.96,1623.97
depthUpdate,ethusdt@depth5,1662123564759,1662123564753,1623.96,1623.97
depthUpdate,ethusdt@depth5,1662123565010,1662123565002,1623.96,1623.97
